2798 4740
567 301 785 369 -79÷-

85 468 205 527 sionem
229 466 396 544 significare
420 465 551 524 uoluisse
576 471 758 541 putaremus.
804 463 949 532 Quoniam
973 471 1070 525 autem
1096 463 1180 524 aliter
1204 463 1262 522 dis·

84 565 206 644 putauit
225 562 383 622 scholiasta
407 581 504 640 neque
523 563 589 621 lieri
612 568 720 640 potest,
744 570 776 620 ut
796 563 860 620 eius
884 560 977 621 uerba
997 563 1033 640 ei,
1056 579 1143 639 quam
1163 562 1261 620 inesse

84 661 226 739 uelimus,
250 661 413 720 sententiae
439 658 696 719 accommodemus
721 664 750 716 et
774 659 966 737 corrigamus,
987 657 1060 717 nihil
1084 658 1263 735 relinquitur

85 760 147 819 uisi
174 767 208 818 ut
234 775 289 836 per
317 775 481 835 pronomen
509 754 631 817 τοῦτον
655 774 714 815 111
739 754 936 834 Chremylum,
960 755 1010 815 sed
1035 755 1262 832 Aristophanem

83 866 188 934 ipsum
211 855 336 913 indicari
360 863 532 915 statuamus.
578 853 661 922 Quod
687 854 712 911 si
737 854 776 931 lrt,
808 854 838 911 in
861 852 941 912 hunc
965 852 1027 911 fere
1051 853 1171 913 modum
1194 871 1262 930 pro·

85 952 176 1012 cedet
194 954 296 1012 oratio.
339 952 529 1030 Aristophani
547 970 601 1031 per
619 948 740 1011 τοῦτον
761 949 924 1026 significato
948 969 1002 1030 per
1025 969 1056 1010 se
1081 949 1261 1028 intellegitur

83 1068 150 1111 non
174 1049 300 1109 eundem
325 1049 553 1128 Aristophanem
577 1050 686 1127 opponi
714 1065 803 1125 posse
831 1066 885 1125 per
909 1047 1014 1107 uerha:
1044 1045 1201 1126 πεποίηκε
1225 1038 1263 1106 dt

84 1140 146 1208 καὶ
164 1141 201 1206 ἐν
222 1137 532 1225 Ἐκκλησιαζούσαις
551 1137 644 1219 αὐτό,
668 1144 719 1205 sed
745 1144 833 1204 alium
853 1155 969 1224 poetam
989 1145 1177 1205 obiciendum
1197 1162 1263 1204 csse
1316 1167 1320 1173 ·

84 1254 238 1323 tamquam
258 1244 348 1305 huius
367 1247 412 1305 rei
431 1248 628 1305 inuentorem.
671 1241 797 1301 Dubium
818 1252 916 1303 autem
937 1252 1069 1316 nonest,
1094 1245 1165 1321 quin
1186 1261 1263 1321 eum,

86 1345 143 1421 qui
162 1345 192 1402 in
211 1361 246 1401 ea
264 1361 297 1402 re
316 1361 384 1402 curn
403 1340 600 1420 Aristophane
620 1340 656 1399 de
675 1341 844 1418 principatu
865 1342 1032 1422 contendat,
1050 1341 1264 1401 Eratosthenes

84 1439 259 1519 Philyllium
283 1441 484 1501 nominauerit
508 1447 536 1499 et
561 1441 601 1497 ita
622 1438 828 1515 nominauerit,
852 1446 962 1497 utnon
983 1439 1079 1500 solum
1101 1457 1168 1499 eum
1187 1438 1263 1496 hanc

76 1550 154 1596 'rem
182 1538 311 1614 primum
340 1537 504 1596 instituisse
534 1535 660 1610 diceret,
689 1535 739 1594 sed
769 1536 857 1594 etiam
886 1555 944 1614 quo
974 1545 1095 1596 auctore
1121 1538 1204 1594 nisus
1228 1534 1263 1592 ad

85 1653 155 1694 eam
183 1635 353 1713 opinionem
380 1635 583 1712 peruenisset,
613 1650 681 1691 cum
705 1630 867 1691 lectoribus
891 1637 1132 1694 communicaret.
1178 1631 1263 1701 Quod

88 1738 191 1791 autem
206 1728 419 1789 Eratosthenes
439 1732 526 1790 ctiam
542 1729 640 1788 locum
655 1748 689 1788 ex
705 1727 917 1791 Ecclesiazusis
933 1731 1058 1791 similem
1074 1729 1206 1790 laudauit
1223 1762 1260 1770 —

86 1831 116 1888 si
144 1826 230 1886 modo
254 1825 459 1887 Eratosthenis
488 1845 553 1886 esse
581 1826 653 1886 haec
683 1825 774 1886 uerba
806 1829 984 1905 interposita
1004 1837 1143 1907 putamus
1166 1846 1264 1906 neque

87 1926 192 2004 potius
215 1942 231 1982 a
254 1923 375 1984 librario
400 1927 564 2002 posteriore
584 1924 707 2005 adiecta,
731 1926 779 1984 cui
801 1925 875 1984 forte
900 1925 1018 1986 illorum
1037 1925 1264 1986 Ecclesiazuson

86 2023 225 2083 locorum
253 2023 284 2080 in
312 2029 443 2081 mentem
470 2025 604 2082 uenisset
630 2043 683 2082 -ε
712 2039 771 2080 non
795 2030 953 2099 propterea
975 2023 1032 2083 hoc
1057 2024 1135 2100 lecit,
1159 2031 1193 2082 ut
1216 2021 1265 2081 uel

87 2138 125 2179 eo
149 2119 234 2179 allato
258 2116 461 2197 Lycophronis
485 2123 660 2179 sententiam
681 2113 883 2200 debilitaret1)
908 2114 1003 2201 (quod
1028 2123 1107 2180 enim
1130 2122 1156 2179 si
1179 2128 1264 2197 puta-

87 2234 170 2295 muS,
199 2216 297 2274 statim
327 2233 362 2274 eo
392 2216 537 2295 redimire,
567 2224 599 2275 ut
626 2233 680 2292 per
707 2213 828 2276 τοῦτον
853 2216 1026 2296 Chremylus
1058 2212 1265 2296 significetur),

87 2313 143 2374 sed
168 2321 201 2372 ut
219 2311 443 2390 Lycophronem
464 2315 552 2372 etiam
574 2311 649 2371 alios
668 2311 758 2394 locos,
781 2312 1053 2376 Ecclesiazusarum
1072 2332 1179 2375 uersus
1199 2310 1263 2373 978

18 2404 26 2418 ‘
90 2418 122 2471 et
148 2406 232 2471 1150
251 2409 287 2468 ad
312 2413 488 2470 sententiam
513 2428 595 2468 suam
620 2410 798 2470 fulciendam
823 2410 963 2473 adhihere
988 2415 1120 2491 potuisse
1145 2412 1263 2471 demon-

89 2516 208 2569 straret.
254 2506 448 2587 Videmusne,
477 2515 511 2567 ut
538 2515 639 2566 nostra
671 2526 789 2586 quoque
814 2512 953 2569 memoria
977 2512 1056 2570 idem
1079 2511 1263 2586 maximeque

88 2624 107 2667 a
135 2608 315 2685 scriptorum
344 2604 558 2683 interpretibus
587 2601 658 2664 liat?
696 2604 787 2664 Cuius
815 2623 903 2686 usus,
936 2610 993 2667 nisi
1026 2608 1148 2686 longum
1177 2613 1264 2685 esset,

88 2705 223 2784 exempla
252 2703 343 2763 multa
371 2704 476 2762 afferre
504 2702 583 2762 haud
612 2701 732 2761 difficile
762 2710 849 2763 esset.
900 2703 1005 2764 Totius
1037 2707 1128 2784 igitur
1161 2702 1265 2763 scholii

87 2803 267 2863 sententiam
288 2801 364 2860 hanc
383 2799 445 2858 fere
465 2819 532 2860 esse
552 2799 733 2859 censendum
754 2808 813 2860 est:
833 2794 1021 2881 ‘Lycophron
1038 2804 1119 2863 hunc
1138 2809 1264 2882 poetam,

85 2902 107 2960 i.
132 2918 157 2959 e.
181 2897 411 2976 Aristophanem
433 2900 562 2975 primum
586 2896 736 2957 hominem
760 2898 839 2957 faces
869 2899 1067 2977 postulantem
1091 2903 1122 2959 in
1146 2919 1264 2960 scenam

85 2997 267 3077 produxisse
283 2992 495 3072 arbitrabatur3
510 2996 607 3072 potuit
621 2995 758 3054 conterre
774 2997 861 3055 etiam
876 2995 1146 3056 Ecclesiazusarum
1158 3015 1265 3057 uersus

87 3091 155 3154 978
180 3100 209 3153 et
235 3090 330 3153 1150.
378 3091 436 3150 Sed
465 3098 563 3150 tamen
592 3082 706 3172 (dett)
739 3092 808 3152 salsa
838 3101 883 3152 est
911 3096 975 3152 eius
1004 3096 1164 3173 sententia3
1197 3111 1264 3153 nam

164 3258 190 3318 1)
208 3254 271 3309 Ηο0
290 3254 365 3307 enim
380 3252 403 3305 si
417 3252 563 3321 uoluisset,
581 3253 656 3306 certe
672 3252 760 3306 multo
775 3253 875 3307 melius
889 3253 1080 3322 Lycophronis
1095 3255 1264 3308 sententiam

88 3334 287 3402 destruxisset,
306 3333 330 3387 si
348 3332 413 3385 nub.
434 3349 460 3384 1.
482 3336 549 3384 1490
569 3334 598 3385 01
616 3347 677 3399 pac.
693 3350 719 3385 u.
736 3338 804 3387 1317
823 3334 976 3388 attulisset:
995 3333 1048 3388 hae
1063 3332 1138 3387 enim
1151 3333 1265 3388 fabulae

85 3413 127 3468 ad
150 3414 274 3468 aetatem
302 3413 390 3466 multo
421 3410 600 3464 remotiorem
628 3412 769 3480 pertinent
791 3413 1000 3467 Ecclesiazusis.
1043 3412 1171 3467 Ceterum
1195 3430 1212 3467 a
1235 3430 1264 3467 re

86 3493 215 3547 alienum
233 3510 289 3547 non
308 3491 362 3545 0111
380 3492 434 3544 hac
454 3506 564 3558 quoque
579 3492 725 3546 occasione
739 3491 782 3545 uti
801 3493 1020 3561 demonstrandi,
1041 3493 1137 3562 ‘quam
1152 3493 1262 3561 parum’

84 3571 148 3642 ipsi
161 3571 337 3641 grammatici
352 3568 536 3624 Alexandrini
549 3572 706 3640 temporum
720 3571 860 3624 rationem
875 3571 1032 3627 habuerint.
1064 3571 1265 3626 Eratosthenes

85 3652 165 3707 enim
188 3651 343 3706 certissime
367 3650 428 3718 ipse
454 3666 565 3718 quoque
588 3652 688 3705 horum
711 3648 837 3703 locorum
860 3651 1038 3717 meminerat;
1067 3651 1202 3706 sericum
1231 3652 1265 3704 de

85 3731 216 3800 Philyllii
230 3734 324 3786 aetate
338 3748 395 3785 non
409 3729 610 3797 recordaretur,
630 3747 648 3782 a
667 3728 802 3782 Strattide
817 3729 980 3798 Philyllinm
995 3731 1055 3785 eius
1070 3731 1154 3785 moris
1168 3730 1265 3784 inuen-

85 3815 182 3867 torem
200 3810 340 3865 nominari
358 3808 479 3878 putauit,
499 3809 644 3865 Strattidis
664 3810 756 3863 locum
771 3809 862 3863 minus
880 3813 954 3865 recte
974 3813 1182 3880 interpretatus,
1202 3827 1264 3864 cum

90 3908 108 3946 e
131 3889 267 3945 Strattide
289 3888 362 3942 nihil
381 3888 457 3941 aliud
477 3889 610 3957 colligere
629 3889 714 3942 liceat
732 3905 816 3957 quam
835 3889 1000 3958 Philyllium
1018 3891 1068 3945 illo
1086 3907 1163 3945 more
1183 3906 1265 3960 saepe

90 3989 174 4024 usum
201 3987 276 4036 esse3
303 3969 421 4022 fortasse
441 3968 527 4022 etiam
555 3971 619 4023 nub.
639 3986 735 4023 uersus
760 3976 811 4023 543
835 3969 1016 4024 Eratostheni
1043 3987 1118 4038 eam,
1146 3986 1264 4038 quame

90 4049 230 4106 Strattide
250 4047 448 4117 exsculpserat,
475 4049 642 4102 sententiam
661 4049 824 4103 confirmare
841 4049 999 4117 uidebatur,
1019 4067 1081 4104 cum
1099 4049 1265 4119 praesertim

88 4132 128 4185 de
152 4147 184 4185 00
208 4146 292 4184 10111
315 4144 332 4181 1
355 4125 498 4182 ueteribus
520 4127 647 4197 proiecto
670 4128 743 4181 falso
771 4127 926 4183 iudicatum
950 4130 999 4195 111;
1028 4131 1062 4186 cf,
1087 4129 1171 4184 schol.
1198 4132 1264 4183 nuh.

86 4227 119 4264 u.
138 4214 189 4263 543
214 4208 243 4262 01
260 4207 396 4273 111110111,
419 4206 521 4260 Philol.
540 4209 595 4262 101.
616 4215 658 4275 34,
681 4227 709 4276 p.
728 4213 794 4275 4543
817 4208 876 4262 sine
896 4208 981 4263 dubio
1000 4226 1066 4264 uero
1085 4212 1158 4263 hanc
1176 4208 1264 4263 inter-

87 4289 280 4360 pretationem
298 4285 355 4342 loci
374 4285 522 4340 Strattidei
538 4287 639 4341 falsam
658 4305 717 4342 esse
736 4288 921 4344 intellexisset
938 4291 1002 4344 nub.
1022 4307 1048 4344 u.
1069 4293 1137 4343 1190
1157 4293 1185 4344 01
1203 4307 1264 4358 pac.

90 4373 161 4423 1317
182 4368 328 4435 adductus,
355 4366 379 4420 si
397 4366 562 4435 Philyllinm
579 4384 637 4423 non
656 4367 796 4423 antehae
813 4368 930 4424 iahulas
946 4369 1081 4423 10111111
1094 4366 1291 4418 mensem.
