2798 4740
574 302 794 365 -99„-

99 471 270 531 euidentius
290 469 348 548 fiet,
367 467 501 528 lacunam
522 482 610 544 quam
628 464 715 524 modo
735 466 892 525 statuimus
910 465 1029 543 explere
1044 464 1121 525 haud
1141 464 1269 524 alienum

97 572 154 629 erit
182 569 290 627 conari.
336 566 432 644 Atque
461 582 526 624 mea
556 561 675 641 quidem
709 563 855 620 sententie
879 561 946 622 talia
968 562 1031 622 fere
1055 563 1269 623 Antiatticistae

97 666 190 727 uerhe
214 664 402 724 intercidisse
427 661 569 722 arbitror:
601 656 707 738 γραῦς
734 653 798 737 γάρ
821 661 968 720 καλεῖται
998 654 1052 720 καὶ
1077 649 1095 720 ὁ
1118 650 1268 740 άφρὸςὸ

96 757 265 834 άυῶτατος
283 757 350 822 τῶν
365 756 507 839 χυτρῶν,
528 748 572 830 ῶς
591 770 695 836 φησιν
711 746 952 836 Ἀριστοφάνης
969 749 1112 839 Πλούτῳ
1133 747 1271 837 (οὑτωσὶ
1351 745 1356 752 ’

98 856 216 937 λέγων·
240 854 324 930 ’ταῖς
342 851 403 937 μὲν
427 848 544 927 littam
562 845 625 934 γὰρ
648 845 784 934 χύτραις
807 843 828 933 η
847 851 953 932 γραῦς
972 846 1077 916 ἔπεστ’
1101 846 1271 930 άνωτάτω,

97 950 219 1035 ταύτης
243 949 280 1016 δὲ
302 951 368 1016 νῦν
391 958 450 1033 τῆς
473 947 575 1035 γραὸς
598 946 756 1029 ἐπιπολῆς
779 949 905 1012 ἔπεισιν
929 948 966 1010 αἱ
987 946 1173 1034 χύτραι’).ῑ)

188 1054 216 1129 ξ.
249 1050 299 1113 16.
349 1050 435 1112 Nunc
463 1050 499 1110 ed
533 1051 730 1127 fragmentum
762 1045 827 1109 448
861 1049 1050 1131 accedentem,
1082 1049 1161 1128 quod
1194 1048 1271 1126 apud
1380 1092 1388 1098 1

98 1151 250 1211 Pollucem
275 1143 421 1232 (9,139)
446 1150 489 1207 sic
513 1147 655 1207 traditum
675 1155 734 1206 est:
755 1138 996 1226 Ἀριστοφάνης
1019 1137 1051 1206 d'
1073 1143 1109 1208 ἐν
1130 1139 1272 1230 Πλούτῳ

98 1244 153 1308 καὶ
181 1245 226 1331 τῷ
251 1238 515 1325 ἐπικρούσασθαι
543 1237 596 1329 ἐπὶ
623 1239 684 1303 τοῦ
713 1239 918 1322 νουθετῆσαι
945 1239 1107 1325 κέχρηται.
1153 1243 1273 1303 Plutum

100 1347 291 1424 superstitem
316 1346 340 1404 si
369 1341 571 1422 peruolueris,
599 1358 657 1400 non
687 1340 807 1419 quidem
835 1339 908 1401 haec
941 1345 1004 1422 ipse
1028 1360 1102 1420 quae
1133 1350 1179 1401 cst
1207 1336 1274 1400 ἐπι-
1366 1383 1368 1386 -

99 1435 309 1520 κρούσασθαι
329 1459 387 1501 nox
407 1440 463 1500 tihi
481 1446 629 1517 occurret,
648 1437 700 1496 sed
716 1446 814 1497 tamen
829 1456 951 1499 uersum
971 1442 1116 1519 inuenies,
1134 1439 1170 1498 ed
1185 1456 1273 1517 quem

102 1538 175 1598 nihil
190 1538 321 1618 impedit,
342 1538 501 1616 quominus
516 1535 645 1596 Pollucis
665 1536 863 1612 fragmentum
878 1537 1051 1597 referemus.
1079 1536 1133 1596 Est
1152 1556 1180 1596 u.
1195 1531 1274 1596 548:

102 1673 144 1740 σὺ
160 1673 221 1759 μὲν
238 1671 280 1740 ού
292 1671 354 1740 τὸυ
369 1675 451 1756 ἐμον
460 1676 538 1756 βίον
553 1678 696 1756 εἴρηκας,
710 1668 770 1736 τὸν
784 1674 852 1738 τῶν
868 1677 1007 1759 πτωχῶν
1021 1669 1052 1739 d'
1068 1669 1274 1759 ὑπεκρούσω.

103 1820 265 1880 Scholiasta
288 1820 377 1881 huius
402 1838 509 1879 exorsus
533 1817 659 1878 uerbum
684 1817 764 1896 quod
788 1828 834 1880 est
856 1811 1052 1901 ὑπεκρούσω
1076 1821 1204 1900 explicat
1221 1838 1275 1897 per

104 1913 266 1997 ἐφθέγξω,
282 1908 487 1998 άυεκρούσω,
507 1911 687 1996 ἐδήλωσας,
706 1933 782 1993 quae
799 1916 889 1976 uerhe
905 1919 1028 1979 eandem
1043 1919 1105 1979 lere
1125 1919 1276 1977 notionem

106 2019 275 2093 exprimunt
303 2024 390 2093 atque
420 2013 536 2093 qualem
561 2015 726 2092 lregmento
750 2011 792 2071 illi
815 2015 913 2074 inesse
937 2014 1039 2076 Pollux
1064 2014 1167 2076 uoluit.
1213 2013 1275 2092 Ego

106 2116 195 2191 igitur
228 2111 446 2190 lungermenno
479 2112 576 2170 fecere
612 2129 672 2170 non
701 2127 824 2187 possum
857 2113 929 2189 quin
964 2132 1031 2173 cum
1062 2111 1209 2172 Meinehio
1242 2129 1275 2170 ac

104 2208 229 2269 Velseno
253 2210 407 2288 assentiar,
429 2210 459 2267 in
480 2208 668 2267 adnotatione
692 2208 728 2267 ed
747 2207 876 2268 Pollucis
895 2209 993 2269 locum
1011 2210 1084 2270 haec
1104 2210 1275 2291 disserenti:

104 2303 226 2386 ‘ltaque
250 2308 352 2365 sinon
373 2305 465 2385 lallor,
491 2299 582 2387 (apud
602 2302 844 2388 Aristophanem)
865 2301 1054 2386 ἐπεκρούσω
1069 2328 1137 2369 cum
1157 2307 1276 2367 Polluce

105 2405 259 2482 legendum
293 2405 359 2463 erit.
416 2401 596 2463 scholiastes
628 2403 672 2463 ihi
703 2407 836 2484 exponit:
873 2401 1040 2486 ἐφθέγξω,
1074 2397 1278 2488 άνεκρούσω,

109 2500 186 2578 quod
209 2507 310 2559 nostro
335 2519 501 2579 repugnare
525 2519 584 2560 non
608 2496 749 2562 uidetur?

197 2596 226 2671 ἓ.
252 2595 300 2657 17.
346 2598 431 2677 Apud
460 2597 588 2657 eundem
615 2597 766 2660 Pollucem
794 2594 838 2684 (l,
864 2596 941 2685 115)
966 2613 1061 2663 exstat
1089 2605 1176 2663 etiam
1201 2602 1277 2678 frag·

108 2703 240 2755 mentum
272 2693 351 2777 449,
385 2696 463 2775 quod
503 2704 560 2756 cst:
597 2690 653 2755 καὶ
686 2689 919 2779 ἁρματοπηγὸς
952 2692 989 2760 δέ
1024 2691 1103 2760 καθ’
1128 2688 1277 2779 Ὅμηρον

105 2787 268 2873 προσήκοι
291 2783 335 2854 ῶν
357 2789 538 2874 τεκτονικῇ,
565 2785 620 2853 καὶ
644 2783 854 2874 ἁμαξοπηγὸς
877 2798 982 2869 εἴποις
1005 2786 1058 2875 dv,
1081 2791 1135 2857 uel
1159 2788 1278 2876 ἅμαξα·

106 2900 235 2970 πηγεῑυ,
259 2886 314 2951 καὶ
338 2882 586 2970 ἆρματοπηγεῐν
610 2885 664 2950 καὶ
688 2882 925 2972 ἁρματοποιεῐν
948 2889 1003 2955 καὶ
1032 2895 1278 2974 ζυγοποιεῖν,

107 2982 156 3060 ῶς
184 2984 225 3048 ἐν
248 2981 414 3072 Πλούτῳ
440 2981 735 3068 Ἀριστοφάνης.
781 2990 932 3053 Dohraeus
956 2993 1181 3072 Aristophanem
1206 2992 1278 3052 lelso

106 3104 160 3165 pro
185 3085 364 3146 Pherecrate
384 3088 529 3145 nominari
549 3084 734 3168 opinabatur,
752 3090 782 3148 in
806 3092 891 3149 cuius
915 3090 1079 3167 fragmento
1101 3086 1164 3149 130
1183 3096 1279 3148 exstat

107 3182 155 3241 hic
180 3201 301 3243 uersus:
324 3182 374 3255 τίς
393 3173 425 3242 d’
451 3175 525 3242 ἔσθ’
551 3172 633 3260 ἡμῖν
652 3180 719 3244 τῶν
739 3189 809 3246 σῶν
828 3175 998 3264 άροτῶνῆ
1024 3185 1209 3265 ζυγοποιῶν
1233 3185 1279 3246 ἔτι

109 3278 215 3360 χρείας
253 3280 311 3340 Sed
335 3281 371 3340 de
395 3281 450 3341 hac
474 3279 593 3357 quidem
617 3297 650 3338 re
674 3279 786 3341 Kochio
810 3282 973 3361 adstipulor
1002 3283 1078 3343 hanc
1102 3285 1279 3343 sententiam

107 3380 256 3458 reicienti,
284 3373 364 3437 ‘cum
397 3377 501 3436 Pollux
529 3396 588 3436 non
620 3377 714 3438 solum
742 3380 968 3459 Aristophanem
997 3399 1064 3441 cum
1092 3380 1280 3462 Pherecrate,

109 3475 161 3534 sed
192 3477 278 3535 etiem
304 3474 423 3534 Plutum
448 3492 513 3533 cum
538 3473 639 3533 Persis
667 3484 697 3534 et
725 3475 912 3555 ζυγοποιεῖν
942 3496 1010 3539 cum
1039 3475 1225 3556 ζυγοποιῶν
1249 3471 1279 3558 (a

108 3568 295 3652 ζυγοποιύς)
325 3572 495 3632 conludisse
524 3573 691 3632 censendus
719 3569 778 3632 sit?
825 3575 882 3636 Sed
911 3573 1004 3655 quid?
1036 3577 1061 3635 si
1092 3575 1280 3655 ζυγοποιεῑν

106 3669 150 3758 (u.
180 3663 259 3751 513)
299 3688 367 3729 cum
400 3669 493 3729 uerho
525 3676 736 3748 τροχοποιεῖν
769 3681 980 3734 commutatum
1014 3691 1080 3733 esse
1113 3676 1279 3754 statuimus,

108 3766 298 3846 simillimam,
328 3784 364 3825 ne
389 3766 483 3825 dicem
507 3765 644 3846 eandem,
671 3769 822 3827 notionem
846 3766 1038 3830 continente?
1080 3768 1191 3829 Hocine
1215 3771 1280 3830 fieri

107 3882 167 3921 non
195 3860 316 3941 potuit?
358 3862 450 3922 lmmo
479 3860 615 3921 facillime
646 3865 713 3941 quis
740 3866 780 3923 ita
804 3885 905 3927 errare
928 3869 1038 3947 potuit,
1062 3886 1158 3945 neque
1182 3868 1279 3948 uideo,

110 3979 164 4019 cur
180 3959 310 4020 llockius
329 3960 404 4020 hane
424 3960 601 4019 sententiam
621 3969 680 4018 tam
695 3961 812 4021 fortiter
827 3965 1037 4042 repudiaucrit.
1069 3964 1140 4024 Mihi
1160 3967 1279 4044 quidem

182 4134 207 4198 1)
218 4129 344 4184 Similem
358 4147 416 4183 rem
427 4129 514 4183 hahes
525 4128 555 4180 in
568 4129 655 4183 schol.
670 4130 733 4185 Pac.
749 4115 810 4199 923,
824 4133 870 4186 uhi
883 4132 908 4186 si
921 4134 1042 4203 primum
1059 4137 1148 4188 solum
1164 4135 1279 4191 habere—

108 4229 169 4263 mus
189 4210 335 4276 acholium‚
354 4209 421 4264 inde
441 4224 551 4278 quoque
571 4208 670 4263 dubito
684 4226 720 4262 en
734 4214 797 4279 quis
812 4212 1001 4282 fragmentum
1019 4218 1112 4270 nescio
1132 4216 1215 4284 quale
1235 4233 1280 4272 ex-

109 4291 268 4358 sculpturus
284 4292 334 4357 sit3
353 4307 426 4344 nunc
440 4306 506 4344 uero
521 4289 627 4359 optime
640 4291 756 4358 lactum,
771 4292 846 4360 quod
859 4292 890 4346 in
903 4295 989 4348 tertio
1004 4296 1109 4351 scholio
1124 4298 1280 4366 exponitur,

110 4388 164 4437 quo
184 4370 253 4423 haec
272 4369 358 4423 uerba
376 4372 510 4440 spectent.

1032 4463 1068 4513 ¹1*
