2798 4740
602 269 820 334 ...64-

127 435 289 515 posterius,
313 444 345 495 ut
369 433 501 494 Rittarus
532 436 561 493 iu
588 429 756 512 ‘philologi'
784 436 934 496 uolumine
959 433 1001 495 34
1030 454 1057 513 p.
1082 432 1146 495 447
1172 453 1235 513 sqq.
1265 433 1302 494 de

127 531 269 611 Nubibus,
298 535 337 592 ita
368 533 403 591 de
428 533 513 592 Pluto
543 533 662 611 quidem
692 532 787 593 labula
811 535 949 612 equidem
974 552 1027 611 ego
1052 543 1203 611 praestare
1229 534 1300 593 mihi

128 632 232 691 uideor
262 650 349 710 posse
378 649 426 711 eo,
454 641 487 692 ut
515 635 572 691 iam
601 631 865 692 Alexandrinorum
902 642 996 693 aetate
1031 632 1151 692 alteram
1185 642 1301 692 tantum

127 729 309 807 eandemque
320 739 408 807 atque
420 749 498 789 nunc
510 729 585 790 Pluti
602 729 762 789 editionem
779 733 969 808 superstitem
986 731 1077 789 fuisse
1091 730 1301 807 demonstrem,

128 847 203 907 quae
229 827 285 887 illis
314 827 428 887 fabulae
453 830 516 887 eius
540 830 668 888 nominis
692 830 774 907 prior
798 831 933 888 recensio
958 847 1023 888 esse
1047 829 1210 888 uideretur.
1256 829 1300 886 Ad

127 926 205 1004 quod
240 925 427 985 efficiendum
464 928 634 1003 praemissis
667 929 770 1004 paucis
808 925 843 984 de
876 925 955 984 Pluti
983 925 1094 1004 duplici
1126 929 1301 985 recensione

126 1026 254 1101 primum
283 1042 299 1082 e
328 1022 447 1082 scholiis
477 1042 552 1103 rem,
581 1024 729 1102 quomodo
758 1042 790 1083 se
818 1023 936 1102 habeat,
967 1042 1082 1097 eruam,
1113 1023 1219 1082 deinde
1249 1043 1301 1082 eos

127 1120 312 1200 pertractabo
336 1120 433 1199 13333,
457 1122 509 1198 qui
533 1123 697 1181 sententiae
722 1125 761 1182 ita
785 1123 937 1200 indagatae
967 1121 1085 1182 obstare
1109 1121 1302 1201 uidebuntur,

127 1221 146 1280 i.
170 1239 194 1282 e.
219 1220 392 1297 fragmenta,
424 1237 498 1296 quae
523 1218 638 1278 fabulae
662 1220 833 1298 deperditae
853 1238 919 1279 esse
943 1220 1092 1298 dicuutur,
1117 1229 1146 1278 et
1170 1219 1303 1278 didasca-

125 1317 202 1397 liam,
232 1317 373 1377 Athenaei
401 1315 449 1376 lib.
474 1315 514 1374 IX
545 1336 572 1395 p.
597 1314 661 1378 368
686 1317 718 1398 ll,
747 1317 838 1379 schol.
862 1316 945 1376 Hom.
969 1317 1001 1378 ll.
1026 1325 1051 1390 ψ
1075 1314 1148 1397 361,
1172 1317 1224 1376 11111
1248 1337 1300 1395 po·

126 1417 260 1474 sterioris
284 1415 467 1473 recensionis
491 1416 601 1473 mentio
625 1417 787 1478 inuenitur.

635 1629 727 1700 Pars
755 1629 781 1699 I.

128 1791 175 1862 Ile
203 1792 295 1863 Pluti
318 1793 522 1899 ,superstitis
551 1791 856 1861 Alexandrinorum
887 1792 1094 1880 temporibus
1128 1796 1301 1864 memoria.

631 2021 744 2100 Caput
769 2019 791 2080 l.

152 2150 211 2240 De
236 2104 359 2216 Piuco
385 2151 485 2230 quid
508 2151 792 2216 iudicauerint
815 2153 979 2217 ueteres
1002 2153 1266 2234 interpretes,

215 2297 244 2374 §-
271 2297 297 2359 1.
343 2295 462 2366 Plutum
492 2296 536 2355 his
565 2299 593 2355 in
624 2314 742 2355 scenam
767 2299 954 2356 commissam
984 2316 1049 2357 esse
1073 2307 1195 2377 apparet
1219 2298 1299 2358 lucu-

125 2396 289 2456 lentissime
318 2413 354 2454 ex
383 2392 471 2453 schol.
502 2393 578 2454 Plut.
607 2413 632 2452 r.
660 2390 735 2473 173,
765 2393 815 2453 ubi
840 2393 995 2454 scholiasta
1025 2395 1152 2455 fabulam
1177 2397 1298 2455 alteram

128 2494 200 2553 dicit
224 2493 331 2570 uiginti
353 2492 438 2550 annis
460 2498 529 2568 post
552 2492 683 2568 priorem
708 2501 840 2551 extremo
871 2491 936 2552 loco
961 2493 1077 2553 doctam
1102 2512 1176 2555 esse.
1222 2493 1298 2553 Ean·

125 2590 192 2650 dem
212 2589 337 2649 duarum
356 2586 436 2648 Pluti
455 2586 619 2648 fabularum
641 2588 862 2649 distinctionem
877 2592 1047 2650 inuenimus
1066 2594 1096 2651 in
1112 2592 1202 2651 schol.
1223 2590 1298 2652 Plut.

22 2709 25 2713 ·
125 2709 150 2750 r.
168 2685 262 2768 11411,
282 2687 333 2747 3111
348 2685 505 2746 scholiasta
525 2687 617 2748 uerba
633 2687 777 2767 quaedam
796 2706 831 2746 31
852 2687 943 2747 altera
959 2690 1023 2748 eius
1039 2692 1165 2749 nominis
1181 2709 1297 2749 comoe-

125 2786 170 2845 dia
192 2789 221 2845 in
245 2785 366 2845 alteram
385 2783 520 2862 neglecto
540 2792 708 2863 temporum
733 2785 836 2844 ordine
861 2771 1002 2846 translata
1026 2806 1092 2846 esse
1122 2790 1298 2865 suspicatur.

213 2882 254 2942 lle
284 2884 439 2960 utriusque
468 2884 651 2943 recensionis
687 2894 822 2962 tempore
851 2902 884 2942 ex
914 2883 1034 2944 scholiis
1063 2887 1206 2944 certiores
1235 2885 1299 2944 lieri

124 3000 291 3061 possumus.
344 2980 414 3040 Nam
440 2979 531 3040 altera
559 2979 664 3040 harum
695 2980 859 3041 labularum
887 2984 1096 3060 cognominum
1130 2982 1214 3041 docta
1244 2993 1299 3060 est,

125 3084 150 3141 si
170 3079 356 3140 didascaliam
379 3080 411 3138 in
432 3086 606 3156 argumento
628 3077 664 3138 IV
688 3081 869 3157 propositam
894 3070 1056 3159 sequimur,
1080 3079 1221 3139 archonte
1241 3080 1298 3138 An-

126 3181 242 3257 tipatro,
267 3195 354 3255 quem
379 3176 415 3235 ol.
436 3173 487 3255 91,
506 3172 679 3256 4=389s8
704 3177 876 3236 archontem
896 3178 988 3238 luisse
1007 3185 1123 3237 constat
1143 3197 1158 3235 e
1178 3177 1299 3235 Diodori

124 3275 173 3334 lib.
198 3273 262 3333 XIV
289 3271 350 3333 103
382 3272 446 3332 coll.
471 3273 617 3351 capitibus
641 3271 693 3354 94,
717 3272 768 3353 97,
793 3271 844 3335 99.
890 3275 950 3334 13111
975 3277 999 3334 31
1025 3276 1194 3334 memoriam
1219 3272 1297 3331 illam

125 3372 229 3432 scholii
258 3372 293 3431 ad
323 3391 347 3431 v.
373 3367 436 3431 173
467 3371 552 3429 313113
583 3383 842 3432 commemoratam
867 3372 1101 3451 adhibuerimus,
1133 3371 1295 3430 secundum

126 3490 212 3549 quam
241 3471 323 3549 prior
346 3467 451 3529 Plutus
482 3471 624 3529 uicesimo
649 3489 724 3531 anno
749 3481 816 3530 ante
841 3471 927 3530 docta
951 3479 1004 3549 est,
1028 3471 1157 3548 priorem
1177 3466 1296 3526 Plutum

124 3587 200 3628 anno
224 3564 321 3648 obesa
351 3586 456 3627 scenae
481 3570 667 3628 commissam
692 3587 757 3629 esse
781 3570 978 3628 inueniemus
1024 3567 1065 3625 hc
1089 3566 1222 3643 proiecto
1254 3567 1297 3623 sic

125 3685 173 3726 res
202 3684 233 3724 se
258 3663 355 3724 habet.
401 3663 474 3724 Nam
498 3684 560 3746 333,
591 3667 642 3743 qui
666 3666 756 3727 schol.
779 3664 855 3725 Plut.
880 3683 905 3724 r.
932 3661 993 3723 179
1018 3674 1298 3743 331331313313111111,

125 3763 254 3824 Dioclem
275 3771 304 3822 et
324 3761 479 3823 Chabriam
499 3764 626 3823 duorum
647 3782 791 3824 annorum
815 3761 972 3821 archontes
992 3780 1058 3821 esse
1078 3760 1162 3821 lacile
1183 3780 1218 3820 311
1238 3769 1297 3819 tota

125 3861 204 3920 illius
228 3860 286 3919 loci
309 3863 472 3920 conexione
496 3862 602 3922 elucet.
646 3860 800 3920 Chabriam
825 3869 923 3921 autem
947 3860 1119 3920 archontem
1146 3861 1235 3918 luisse
1261 3859 1296 3918 31.

124 3955 176 4038 91,
200 3953 372 4038 2--41514
400 3961 537 4020 uidemus
565 3979 581 4019 e
605 3959 727 4018 Diodori
749 3957 815 4018 11111
840 3956 870 4038 2,
902 3959 1040 4037 idemque
1064 3957 1194 4017 Dioclem
1219 3959 1297 4016 inter

124 4057 281 4116 archontes
313 4057 485 4135 olympiadis
520 4054 576 4135 92,
607 4053 797 4138 4--40918
831 4059 932 4134 131311.
983 4055 1040 4125 Qui
1080 4057 1158 4113 inter
1191 4053 1297 4114 horum

124 4156 252 4215 duorum
277 4156 411 4214 uirorum
442 4157 630 4233 magistratus
659 4155 832 4214 circumacti
855 4160 925 4213 sunt
954 4160 1068 4231 septem
1093 4153 1169 4228 anui,
1201 4153 1223 4209 si
1250 4153 1297 4211 311-

113 4260 319 4310 numerantur
345 4259 460 4329 septem
489 4251 548 4311 illis
578 4250 676 4311 Laidis
704 4251 871 4311 meretricis
899 4251 993 4331 annis,
1021 4266 1096 4327 quae
1121 4242 1244 4322 ἑπτέτις
1268 4254 1296 4309 13

90 4341 203 4400 Sicilia
223 4354 313 4421 capta
333 4366 404 4408 esse
423 4349 546 4431 dicitur,
567 4349 744 4411 efficiuntur
760 4346 999 4429 quattuordecim
1016 4345 1062 4405 1111
1078 4345 1175 4405 Laidis
1195 4350 1297 4406 aetatis
