2798 4740
638 317 858 381 „82-

162 473 362 538 dubitationes
389 478 454 538 illas
483 479 518 538 de
546 478 632 538 Pluto
661 481 761 557 priore
792 481 827 541 ad
852 480 1006 561 llidymum
1033 481 1139 542 relatas
1163 497 1242 560 csse,
1267 497 1338 538 cum

161 590 220 631 non
245 574 332 634 modo
352 574 507 654 explicatio
527 574 574 634 illa
594 575 630 634 de
650 575 835 655 Thrasybulo
853 578 1053 658 Dionysioque
1072 595 1196 658 prorsus
1216 574 1340 656 absona,

162 669 214 729 sed
239 680 334 731 totum
357 671 413 731 hoc
438 689 556 750 quoque
580 671 735 751 scholium,
762 679 899 753 quamuis
923 677 1057 737 diuersas
1081 677 1243 737 sententias
1268 691 1341 731 oon·

161 769 268 847 tineus,
293 786 308 826 e
332 767 448 846 Didymi
472 772 692 829 commentariis
717 770 885 833 deriuatum
909 777 955 833 sit.
1003 774 1059 833 Sed
1084 774 1141 832 hoc
1157 754 1221 831 ¹iam
1246 789 1342 848 supra

161 867 232 924 satis
256 866 489 926 demonstratum
512 875 566 945 est,
589 868 689 944 itaque
714 872 813 930 statim
837 870 872 928 ad
895 870 924 930 id
946 874 1072 931 transire
1092 870 1161 930 licet
1180 868 1342 948 agendum,

161 963 239 1041 quod
260 966 367 1022 summi
387 966 529 1024 momenti
548 973 602 1044 est,
626 975 668 1045 m,
687 969 753 1043 quis
773 968 863 1029 inerit
881 969 931 1030 ille
951 969 1132 1048 Apollonius
1156 970 1184 1027 in
1210 966 1342 1026 clariore

161 1059 226 1120 luce
256 1080 370 1139 ponam.
418 1061 694 1121 Commemorantur
722 1067 800 1124 enim
830 1085 879 1125 sex
905 1069 935 1127 in
966 1065 1085 1125 scholiis
1109 1063 1342 1143 Aristophaneis

159 1157 316 1238 Apollonii,
340 1178 466 1237 quorum
491 1160 694 1238 quaerendum
719 1170 765 1221 est
788 1170 888 1222 utrum
919 1182 996 1223 tinus
1019 1181 1056 1221 an
1088 1160 1258 1239 complures
1281 1159 1342 1219 hoc

160 1254 224 1314 loco
247 1256 380 1334 intellegi
402 1261 527 1336 possint

250 1354 348 1414 Semel
377 1355 513 1414 laudatur
536 1353 710 1431 Apollonius
734 1358 769 1437 is,
797 1359 845 1416 cui
876 1375 1040 1434 cognomen
1064 1357 1120 1415 luit
1143 1354 1343 1433 Acharnensi,

67 1471 71 1476 ·
161 1450 250 1511 schol.
281 1452 350 1511 nub.
380 1449 453 1512 408.
501 1450 582 1521 Qtrae
612 1462 709 1511 autem
739 1453 780 1512 ihi
808 1453 948 1532 leguntur
977 1453 1082 1513 uerba:
1115 1447 1342 1510 ‘Araetheum‘

159 1539 257 1629 ἑορτὴ
278 1541 439 1628 Ἀθήνησι
457 1547 638 1627 Μειλιχίου
662 1542 748 1621 Διός
774 1598 858 1611 ....
880 1542 1101 1620 Ἀπολλώνιος
1125 1540 1161 1608 dl
1186 1538 1203 1607 ὁ
1225 1539 1342 1628 Ἀχαρ-

159 1638 433 1717 collaetandum
453 1642 616 1724 διακρίνει
635 1637 700 1707 ἀπὸ
720 1644 778 1725 τῆς
800 1646 861 1708 τοῦ
881 1646 1062 1726 Μειλιχίου
1088 1640 1212 1723 ἑορτῆς,
1237 1657 1343 1726 προσ-

160 1737 383 1822 αγορεύεσθαι
407 1732 490 1802 αὐτὰ
519 1738 640 1822 λέγων,
668 1736 820 1825 καθάπερ
844 1741 932 1817 τινές
956 1759 1070 1823 φασιν,
1097 1733 1243 1803 ἀπὸτοῦ
1268 1743 1340 1802 δια-

80 1872 82 1876 ·
160 1848 280 1920 φυγεῖν
295 1830 419 1911 αὐτοὺς
433 1830 546 1918 εὐχαῖς
559 1831 618 1911 τὰς
633 1833 738 1919 ίίσας’,
754 1861 788 1901 ea
808 1844 986 1902 sententiam
1005 1849 1137 1900 nostram
1152 1858 1187 1898 eo
1203 1840 1337 1918 dirigere

161 1940 314 2016 uidentur,
343 1946 376 1997 ut
404 1956 472 1995 eum
506 1937 631 1996 tortasse
664 1939 843 2016 singularem
872 1933 947 2020 περὶ
980 1935 1105 2018 ἑορτῶν
1138 1937 1249 1997 librum
1282 1956 1341 1997 nec

160 2039 405 2096 commentarium
429 2033 677 2112 Aristophaneum
706 2039 862 2114 scripsisse
891 2047 1044 2117 putemus,
1074 2038 1122 2095 cui
1146 2037 1340 2095 coniecturae

160 2133 235 2192 haud
261 2136 322 2193 scio
347 2151 383 2192 an
408 2131 565 2192 subueniat
588 2131 731 2193 Athenaei
754 2133 802 2193 lib.
827 2133 850 2192 V
873 2154 900 2212 p.
927 2131 988 2195 191
1003 2133 1034 2192 F.

250 2232 347 2292 Semel
363 2230 469 2291 deinde
489 2232 552 2308 ipse
572 2248 690 2308 quoque
711 2232 846 2292 laudatur
861 2232 1034 2310 Apollonius
1051 2231 1087 2310 is,
1106 2232 1158 2308 qui
1172 2229 1340 2290 uocabatur

160 2320 178 2389 ὁ
209 2323 351 2402 Μόλωυ;
387 2328 438 2389 sed
474 2346 511 2386 ne
544 2326 624 2386 hunc
655 2331 774 2406 quidem
807 2330 1052 2389 commentarium
1086 2326 1339 2404 Aristophaneum

161 2429 363 2505 composuisse
391 2445 426 2484 ex
455 2426 529 2503 ips1s
557 2422 662 2482 scholii
690 2426 724 2485 ad
754 2427 824 2487 nuh.
850 2423 914 2487 144
944 2424 1044 2485 uerbis
1075 2425 1107 2483 iit
1131 2423 1339 2484 manifestum:

161 2521 373 2603 Χαιρεφῶντι
405 2518 461 2583 καὶ
494 2512 515 2601 ἡ
550 2520 669 2580 Πυθία
707 2520 806 2583 δοκεῖ
835 2515 897 2584 τὸν
932 2516 1100 2601 resolvor]
1132 2513 1340 2600 Σωκράτους

160 2612 310 2702 χρησμὸν
339 2619 458 2681 εἰπεῖν·
483 2611 592 2699 σοφὸς
614 2622 681 2681 κτλ.
708 2619 830 2684 τοῦτον
852 2613 1074 2691 Ἀπολλώνιος
1098 2610 1115 2679 ὁ
1139 2611 1270 2679 Μόλων
1297 2614 1338 2679 ἐν

159 2716 209 2802 τῷ
233 2710 327 2778 κατὰ
352 2711 588 2798 φιλοσόφων
611 2711 778 2790 ἐψεῦσθαί
795 2733 886 2798 φησι.

249 2816 290 2875 Ac
320 2835 356 2874 ne
389 2814 522 2874 Rhodius
550 2814 670 2893 quidem
698 2816 871 2895 Apollonius
899 2817 1145 2876 commentarium
1178 2816 1338 2892 scripsisse

162 2913 294 2994 uidetur,
318 2915 386 2992 quia
415 2912 466 2972 ubi
489 2911 635 2991 laudatur,
665 2914 775 2974 iccirco
799 2921 914 2975 tantum
937 2913 1084 2992 laudatur,
1107 2919 1141 2971 ut
1165 2910 1278 2970 similes
1302 2929 1339 2970 ex

161 3014 226 3071 eius
248 3013 456 3090 Argonauticis
480 3008 538 3068 loci
561 3010 730 3070 afferantur.

250 3110 381 3179 Quartus
404 3111 482 3168 inter
506 3106 612 3166 horum
636 3109 771 3169 uirorum
795 3110 950 3170 doctorum
970 3108 1180 3186 cognominum
1199 3105 1340 3166 ordinem

161 3216 207 3265 cst
230 3207 402 3286 Apollonius
430 3205 582 3285 Dyscolus.
628 3206 701 3267 Nam
730 3225 906 3286 quamquam
931 3225 947 3265 a
979 3203 1146 3264 scholiastis
1166 3205 1224 3262 nisi
1246 3203 1339 3280 Apol-

161 3303 258 3364 lonius
282 3306 457 3383 cognomine
477 3306 586 3363 omisso
606 3323 665 3365 nou
690 3303 861 3383 appellatur,
885 3312 983 3363 tamen
1007 3302 1143 3361 adhunc
1167 3307 1229 3360 tres
1251 3299 1339 3360 locos

162 3402 335 3462 referendos
363 3420 428 3461 esse
457 3410 578 3480 apparet
610 3421 646 3461 cx
680 3420 783 3462 eorum
815 3404 878 3480 ipsa
908 3402 1040 3460 materia.
1086 3397 1151 3471 Huc
1184 3399 1343 3475 pertinent

162 3499 252 3559 schol.
276 3499 353 3560 Plut.
376 3496 447 3560 103.
484 3498 556 3558 Ran.
576 3496 650 3560 826.
691 3499 744 3577 Eq.
764 3497 815 3560 22.
854 3499 912 3559 Sed
932 3501 996 3558 eius
1016 3497 1241 3557 obseruationes
1258 3512 1340 3571 quae

161 3594 319 3658 laudantur
343 3597 415 3657 tales
439 3605 517 3669 suut,
540 3606 574 3656 ut
597 3596 682 3656 iacile
706 3614 742 3655 ex
766 3597 830 3655 eius
849 3605 913 3654 arte
934 3595 1125 3674 grammatica
1144 3592 1340 3670 depromptas

162 3713 211 3754 eas
240 3714 305 3755 csse
339 3697 507 3754 existimare
536 3692 623 3753 liceat
650 3711 747 3771 neque
776 3711 843 3754 eum
871 3693 1053 3770 peculiarem
1087 3690 1341 3751 commentarium

163 3793 412 3872 Aristophaneum
436 3793 649 3868 conscripsisse
672 3800 778 3870 putare
802 3809 878 3871 opus
901 3794 948 3851 sit.

250 3891 310 3951 lam
343 3899 457 3951 restant
489 3889 727 3967 quattuordecim
760 3890 940 3950 scholiorum
973 3889 1045 3969 loci,
1077 3887 1129 3947 uhi
1161 3884 1341 3964 Apollonius

162 3988 291 4069 quidam,
315 3999 344 4048 et
368 4006 454 4068 unus,
478 3985 530 4047 uhi
549 3986 720 4064 Apollonius
740 3985 892 4048 Chaeridis
912 3993 1171 4046 commemoratur.
1208 3983 1265 4042 lliu
1285 3982 1340 4044 ille

161 4087 238 4146 idem
268 4104 333 4146 esse
362 4095 449 4164 atquc
478 4085 526 4144 hic
549 4084 722 4164 putabatur3
751 4086 803 4145 sed
827 4085 961 4145 funditus
991 4083 1068 4143 hanc
1092 4083 1262 4160 opinionem
1286 4099 1340 4140 ex-

162 4185 300 4261 stirpatrit
322 4183 394 4261 Aug.
419 4182 499 4263 Blae,
523 4182 559 4241 de
583 4181 747 4241 Aristarchi
771 4182 923 4261 discipulis
947 4201 974 4260 p.
999 4177 1042 4242 55
1066 4199 1109 4259 sq.
1150 4177 1237 4238 Hunc
1260 4177 1339 4239 nihil

161 4283 219 4341 nisi
238 4281 483 4340 commentarium
503 4281 533 4339 in
557 4279 677 4340 Iliadem
702 4283 905 4359 composuisse
924 4281 1009 4357 argui
1028 4287 1139 4357 potest3
1163 4284 1266 4336 contra
1285 4275 1339 4336 ille

161 4381 326 4440 certissime
350 4380 407 4439 suit
430 4380 456 4438 is
480 4388 704 4460 commentator,
727 4396 817 4457 quem
840 4381 898 4438 iam
921 4377 972 4437 diu
995 4377 1218 4454 inuestigamus.
1260 4372 1339 4434 Nam
