2798 4740
629 280 851 382 -924

150 484 254 544 similis
282 491 312 543 et
340 502 355 542 a
384 483 539 543 scholiasta
570 483 687 542 demum
716 499 838 541 uersum
867 485 952 561 quasi
980 482 1122 543 odorante
1151 485 1182 543 in
1215 500 1329 542 uersus

151 581 237 659 probi
262 582 386 640 formam
410 575 563 663 redactus)
588 583 887 659 interpretamentum
912 581 1058 641 contineri
1081 600 1186 660 parum
1209 580 1327 641 intelle·

150 681 227 738 risse
260 687 290 739 et
321 681 374 759 ita,
406 681 579 738 inscientiae
609 678 782 738 conicienda
811 678 1052 761 subuenientem,
1083 698 1152 739 cum
1180 681 1208 739 ei
1237 678 1329 739 simul

151 776 227 837 torte
253 776 377 855 quadam
402 776 528 855 duplicis
552 775 632 836 Pluti
655 778 838 835 recensionis
866 779 896 836 in
925 786 1054 838 mentem
1082 780 1213 858 ueniret,
1241 775 1329 837 illum

149 892 285 954 uersum,
319 876 382 933 siue
416 876 447 933 in
479 876 611 952 margine
645 873 827 954 adscriptum
858 877 921 936 siue
955 878 1032 936 intra
1065 876 1187 936 lineolas
1221 894 1328 954 super·

151 974 295 1050 scriptum
323 990 358 1030 ex
382 974 548 1049 posteriore
568 971 654 1032 Pluto
678 972 816 1034 haustum
840 992 906 1034 esse
930 976 1155 1035 existimauisse.
1192 973 1229 1034 Et
1248 991 1328 1052 quae

149 1070 206 1129 hoc
231 1070 317 1129 modo
342 1070 537 1147 coniectando
562 1069 618 1129 sibi
636 1071 769 1153 tinxerat,
793 1090 850 1150 qua
870 1079 955 1131 erant
974 1071 1148 1132 scholiastae
1166 1071 1329 1150 ultimique

148 1169 329 1244 interpretes
360 1168 552 1247 confidentia,
581 1167 645 1227 aliis
672 1186 726 1246 pro
751 1188 823 1229 uero
851 1170 1006 1229 uenditare
1035 1188 1094 1229 non
1123 1169 1274 1229 dubitauit
1298 1177 1331 1229 et

149 1265 403 1325 commentariolis
427 1268 489 1326 suis
514 1265 673 1346 mandauit,
698 1266 777 1326 unde
800 1268 831 1326 in
855 1266 1036 1327 scholiorum
1059 1274 1231 1327 nostrorum
1256 1285 1329 1327 con·

151 1367 264 1442 geriem
287 1372 493 1425 manauerunt.

236 1461 282 1522 Vl.
321 1462 416 1533 Quem
446 1463 480 1522 ad
509 1464 597 1524 linem
623 1482 701 1523 nunc
726 1462 881 1539 cogitando
905 1460 1095 1522 deliberando
1119 1461 1329 1522 concludendo

148 1561 268 1620 adducti
291 1579 408 1640 sumus,
432 1568 467 1620 ut
490 1560 665 1621 scholiastae
690 1577 811 1620 uersum
836 1562 972 1637 spurium
997 1579 1062 1620 esse
1086 1568 1266 1641 statuamus,
1290 1561 1328 1621 ad

148 1658 274 1718 eundem
305 1660 393 1717 etiam
421 1667 621 1736 peruenturus
651 1678 682 1718 se
711 1676 775 1717 esse
805 1658 927 1719 luerunt
951 1661 1001 1737 qui
1025 1661 1244 1733 existimarent,
1274 1659 1329 1719 ubi

148 1757 311 1815 orationem
337 1758 505 1817 accuratius
529 1759 759 1835 examinassent3
784 1756 836 1815 sed
860 1774 963 1815 eorum
987 1765 1160 1834 argumenta
1185 1758 1328 1817 sulficere

148 1853 221 1913 mihi
245 1872 303 1912 non
329 1855 479 1914 uidentur.
525 1848 888 1936 lamB.Thiersehius1)
916 1862 1039 1933 propter
1067 1853 1140 1914 tales
1164 1864 1270 1915 causas
1295 1857 1328 1914 in

148 1950 322 2011 scholiastae
350 1970 441 2012 uersu
466 1952 597 2033 ollendit,
621 1971 688 2012 cum
713 1946 861 2032 mersum,
885 1953 949 2012 siue
969 1959 1096 2011 metrum
1117 1954 1180 2012 siue
1201 1970 1328 2012 sensum

148 2058 276 2129 speclea,
299 2068 334 2109 eo
360 2068 449 2128 quem
473 2068 552 2110 nunc
576 2057 676 2110 textus
695 2056 907 2130 repraesentet,
931 2049 1023 2109 multo
1043 2045 1232 2109 inferiorem'
1257 2068 1328 2109 esse

86 2207 87 2210 ,
148 2146 239 2227 dicat3
269 2147 347 2224 quod
373 2155 471 2207 autem
495 2148 564 2208 inde
588 2147 670 2208 illum
694 2165 816 2206 uersum
839 2150 940 2226 potius
963 2148 1057 2226 priori
1080 2146 1166 2207 Pluto
1190 2146 1328 2207 tribuen-

148 2245 219 2305 dum
252 2263 317 2305 esse
350 2245 513 2323 concludit,
546 2246 602 2306 hoc
635 2248 700 2306 lieri
732 2264 790 2306 non
824 2264 911 2324 posse
946 2246 1074 2306 uidimus
1102 2253 1132 2305 et
1160 2264 1195 2305 ex
1224 2248 1327 2305 animo

147 2341 310 2402 Fritzschio
339 2363 368 2422 p.
394 2340 456 2403 173
486 2346 633 2403 assentior
662 2362 713 2403 eos
741 2345 937 2422 uituperanti,
967 2345 1019 2421 qui
1047 2338 1100 2402 ‘de
1125 2343 1327 2422 Aristophane

147 2448 207 2501 tam
235 2440 387 2501 humiliter
416 2444 557 2522 sentiant,
585 2449 618 2501 ut
646 2459 713 2501 eum
741 2443 771 2501 in
800 2440 981 2501 renouandis
1005 2441 1165 2500 comoediis
1189 2442 1327 2520 singulos

148 2556 269 2618 uersus,
306 2538 412 2620 uerba,
449 2537 551 2599 literas
584 2539 797 2617 literarumque
829 2540 929 2617 apices
961 2540 1047 2598 anxie
1081 2540 1221 2599 rimatum
1254 2558 1325 2600 esse

147 2643 266 2714 putent:
290 2635 347 2695 hoc
370 2639 445 2697 tanti
468 2644 572 2716 poetae
596 2655 722 2715 persona
746 2637 984 2715 indignissimum
1009 2631 1097 2698 csse.⁹

238 2733 475 2794 Heldermanuus
503 2752 576 2793 uero
606 2753 673 2794 cum
702 2734 772 2794 alias
798 2743 860 2794 tum
885 2734 1003 2795 easdem
1026 2734 1193 2795 Thierschii
1218 2755 1328 2798 causas

148 2839 283 2912 secutuS,
312 2834 369 2892 nisi
398 2832 476 2910 quod
504 2833 534 2890 in
563 2841 658 2891 metro
687 2850 746 2891 non
775 2830 983 2892 offendendum
1008 2851 1073 2892 esse
1103 2841 1218 2911 censet,
1249 2836 1327 2896 item

147 2938 235 3008 atque
251 2947 305 2989 nos
321 2929 493 2989 scholiastae
510 2947 630 2990 uersum
646 2948 700 3008 pro
721 2925 1000 3008 ‘interpolamento'
1020 2932 1204 3009 grammatici
1223 2931 1329 3012 hahet,

148 3028 220 3088 lalso
249 3034 348 3088 tamen
376 3025 585 3087 'lhierschium
612 3045 731 3106 quoque
760 3045 881 3088 uersum
910 3027 1096 3088 damnauisse
1123 3038 1213 3088 ratus.
1264 3029 1328 3091 Sed

147 3144 184 3186 ne
217 3126 322 3204 longus
355 3127 424 3204 sim,
461 3126 555 3202 ipsius
588 3124 679 3185 uerba
712 3143 860 3204 apponere
892 3126 996 3205 placet.
1052 3124 1189 3204 Disputat
1221 3134 1328 3188 autem

147 3243 175 3302 p.
199 3222 219 3284 3
243 3223 329 3283 haec:
358 3217 408 3282 ‘ln
436 3225 596 3300 postremis
619 3223 761 3283 uersiculi
784 3224 885 3285 uerbis
909 3226 1005 3284 uariat
1028 3223 1129 3283 lectio:
1157 3213 1201 3303 ἣν
1226 3222 1330 3307 ἔχεις,

148 3312 169 3400 ἥ
193 3312 224 3380 τ’
251 3319 325 3400 ἔχει.
371 3321 516 3380 Attractio
539 3305 579 3398 ἧς
602 3318 695 3400 ἔχεις,
719 3340 811 3399 quum
834 3323 998 3400 praecessit
1020 3314 1156 3401 ταύτης,
1181 3324 1239 3381 etsi
1265 3342 1330 3384 non

149 3421 269 3479 omnino
293 3417 503 3496 uituperanda,
531 3429 629 3477 tamen
653 3419 684 3476 in
708 3418 762 3479 hac
786 3419 947 3479 uerborum
971 3421 1111 3480 iunctura
1135 3418 1240 3478 durior
1267 3429 1332 3505 est,

149 3536 240 3596 quare
265 3515 492 3595 praeferendum
516 3504 559 3593 ἣν
583 3513 674 3594 ἔχεις.
721 3516 778 3576 Sed
802 3524 904 3576 utrum
927 3516 1016 3596 legas,
1040 3517 1180 3595 frigidum
1204 3529 1253 3579 est
1278 3521 1331 3581 ad·

148 3615 355 3694 ditamentum3
379 3624 482 3673 contra
507 3615 537 3672 in
558 3631 649 3672 uersu
670 3613 788 3692 uulgato
809 3603 982 3694 ὀφθαλμία
1002 3633 1061 3674 non
1082 3622 1196 3675 tantum
1216 3613 1330 3698 ἰδίως,

148 3714 200 3773 sed
230 3720 356 3773 uenuste
385 3719 414 3771 et
439 3701 701 3791 ὑποκοριστικῶς
729 3730 782 3790 pro
812 3713 952 3771 caecitate
977 3714 1105 3790 positum
1135 3722 1194 3794 est3
1229 3732 1330 3793 quare

148 3811 266 3871 difficile
292 3810 364 3870 mihi
387 3809 507 3869 uidetur
528 3809 653 3891 creditu,
678 3811 704 3868 si
722 3817 807 3887 poeta
827 3811 911 3886 prius
930 3799 1122 3889 ὀφθαλμίας
1142 3813 1331 3897 scripsisset,

149 3929 216 3970 eum
240 3917 342 3988 postea
365 3908 422 3968 hoc
445 3909 475 3967 in
499 3906 658 3967 lectionem
681 3909 871 3966 inuenustam
894 3915 925 3966 et
948 3907 1082 3984 frigidam
1107 3905 1262 3972 mutasse!

236 4006 265 4083 ξ.
288 4004 335 4067 11.
373 4005 426 4066 His
455 4007 597 4084 expositis
625 4007 773 4065 neminem
800 4006 858 4064 iam
887 4004 1060 4064 scholiastae
1088 4022 1196 4065 uersus
1221 4006 1330 4070 defen·

148 4106 261 4163 sionem
286 4101 455 4163 subiturum
480 4120 545 4162 esse
569 4100 672 4182 credo,
696 4111 726 4161 et
749 4104 888 4180 quoniam
911 4102 991 4162 hunc
1015 4103 1202 4163 scholiastam
1225 4104 1330 4167 hario-

148 4201 237 4260 latum
263 4218 327 4260 esse
352 4207 482 4279 apparet,
507 4199 577 4278 quid
602 4199 721 4260 tandem
744 4199 839 4259 dicam
863 4199 899 4258 de
924 4199 1045 4260 alterius
1068 4200 1330 4268 hallucinatione?

219 4409 246 4473 1)
264 4405 394 4475 Prolegg.
413 4405 442 4458 iu
461 4404 604 4475 Aristoph.
624 4406 737 4460 Plutum
755 4423 783 4474 p.
803 4402 945 4461 CDLXVI.
