2798 4740
573 308 793 372 ,83-

97 472 337 551 quibuscumque
361 473 434 533 locis
457 471 603 551 Apollonii
626 488 734 530 nomen
752 471 915 549 inuenitur,
939 472 968 530 ei
987 471 1065 530 inter
1084 488 1115 545 se
1131 469 1272 530 simillimi

97 580 129 630 et
157 570 232 630 tales
255 579 334 652 sunt,
363 580 395 632 ut
428 589 479 630 eos
508 572 538 628 in
567 568 623 628 alio
646 567 722 628 libro
751 586 837 645 quam
866 571 897 627 in
926 571 1137 628 commentario
1160 569 1272 627 Aristo·

96 666 216 745 phaneo
244 669 373 727 inueniri
402 668 536 746 potuisse
565 665 643 724 haud
667 665 751 726 facile
776 665 829 726 tihi
852 667 1040 745 persuadeas.
1089 665 1271 744 Discipulum

96 784 168 824 eum
202 764 292 824 fuisse
325 764 504 844 Aristarchi,
535 765 719 840 grammatici
752 764 830 823 illins
868 763 1069 842 celeberrimi,
1105 763 1296 839 luculenter,

97 862 315 923 demonstrauit
338 861 419 941 Blau,
443 882 470 941 p.
495 857 538 922 50
562 880 626 939 sqq.

191 961 228 1020 At
256 979 292 1020 ex
320 968 381 1020 tota
408 960 462 1019 hac
491 958 739 1037 contemplatione
767 959 838 1037 quid
867 957 943 1018 lucri
973 955 1128 1017 aufertur?
1169 958 1272 1018 Nonne

98 1058 157 1118 hac
181 1056 254 1117 nihil
277 1075 331 1117 nos
354 1058 499 1137 proficere
520 1065 650 1137 apparet,
673 1059 742 1133 quia
761 1055 933 1134 Apollonius
952 1055 1158 1133 Aristophanis
1182 1054 1273 1114 uerba

97 1166 183 1215 recte
207 1155 243 1215 ad
262 1154 479 1233 Thrasybulum
503 1154 584 1214 illum
605 1156 792 1213 notissimum
816 1155 928 1233 patriae
952 1152 1099 1212 libertatis
1125 1152 1274 1212 uindicem

98 1263 131 1313 et
156 1253 328 1332 Dionysium
351 1261 508 1331 tyrannum
532 1249 668 1313 rettulit?
705 1251 808 1310 Nonne
832 1253 858 1310 is
883 1268 914 1308 sc
938 1252 1134 1328 posteriorem
1154 1248 1274 1309 Plutum

98 1359 230 1412 tractare
250 1351 401 1410 censuisse
422 1347 549 1410 clamat?
579 1349 670 1410 Recte
689 1349 762 1408 haec
781 1349 929 1427 disputata
947 1346 1098 1428 uidentur,
1118 1365 1176 1406 non
1196 1358 1274 1426 sunt,

98 1467 199 1527 neque
233 1465 353 1528 uereor,
387 1465 423 1506 ne
458 1465 532 1525 quae
564 1448 636 1528 dixi,
669 1466 702 1506 ea
735 1449 884 1506 incassum
917 1447 1014 1504 omuia
1047 1445 1274 1523 explanauerim.

98 1546 200 1624 Supra
228 1547 285 1604 iam
314 1563 360 1603 me
390 1544 501 1604 similes
524 1543 725 1604 dubitationes
747 1543 922 1623 propulsare
946 1545 1067 1602 memini
1096 1543 1273 1622 easdemque

99 1662 207 1704 causas
231 1661 310 1702 nunc
331 1643 428 1702 lacere
453 1661 512 1702 non
530 1661 662 1724 possum,
686 1644 757 1720 quin
782 1659 915 1720 magnam
939 1650 1054 1718 partem
1077 1641 1136 1701 huc
1156 1660 1273 1720 quoque

98 1740 225 1802 traham.
275 1739 348 1799 Nam
384 1742 512 1819 primum
545 1739 717 1818 Apollonius
750 1757 928 1818 quamquam
959 1738 1135 1819 Aristarchi,
1168 1742 1275 1800 summi

98 1839 295 1916 grammatici,
319 1837 483 1916 discipulus
508 1847 584 1916 erat,
611 1848 710 1897 tamen
738 1837 903 1897 cauendum
927 1844 981 1916 est,
1011 1855 1048 1895 ne
1077 1835 1112 1896 ah
1137 1857 1171 1897 eo
1196 1855 1274 1897 com-

99 1937 282 1995 mentarium
306 1935 444 1995 omnibus
464 1937 597 1994 numeris
616 1935 783 1996 absolutum
808 1937 1009 2014 conscriptum
1037 1953 1103 1994 esse
1125 1943 1275 2015 putemuS,

99 2035 132 2093 in
158 2051 277 2111 quone
302 2032 448 2092 tantillum
474 2033 594 2110 quidem
616 2035 727 2093 erroris
751 2034 870 2093 inesset.
915 2032 994 2092 Nihil
1022 2034 1114 2111 igitur
1144 2033 1275 2112 impedit,

100 2132 264 2209 quominus
291 2149 360 2191 etim
385 2149 503 2209 quoque
528 2131 564 2189 de
587 2133 688 2211 priore
711 2129 797 2190 Pluto
821 2133 979 2210 cogitasse,
1008 2131 1060 2189 sed
1084 2130 1275 2190 nihilominus

100 2247 225 2289 uersum
256 2227 383 2306 aliquem
414 2238 495 2287 recte
526 2231 754 2308 interpretatum
783 2247 848 2288 esse
879 2228 924 2287 uel
958 2228 1054 2287 uideri
1086 2228 1275 2288 arbitremur.

100 2324 297 2405 Videmusne,
326 2335 359 2386 nt
383 2329 412 2386 in
441 2325 622 2385 scholiorum
648 2329 785 2405 congerie
814 2335 932 2405 praeter
955 2324 1034 2384 illam
1058 2325 1206 2403 Apollonii
1225 2346 1273 2385 ex-

102 2422 294 2501 plicationem
323 2426 410 2483 etiam
440 2423 512 2483 aliae
542 2423 710 2501 complures
738 2427 830 2483 insint
857 2423 1074 2503 adnotationeS,
1106 2443 1140 2483 ex
1167 2423 1275 2502 quibus

102 2521 131 2579 si
150 2519 322 2580 scholiastes
340 2520 461 2581 Plutum
480 2523 678 2599 posteriorem
696 2521 795 2599 legere
811 2520 868 2580 sibi
887 2522 967 2579 uisos
987 2538 1052 2579 esse
1072 2520 1275 2599 concluderes,

100 2617 182 2676 hanc
206 2618 428 2679 conclusionem
453 2619 553 2679 salsam
577 2621 641 2678 fore
665 2621 736 2678 satis
756 2636 905 2697 superque
930 2616 1182 2677 demonstrauisse
1204 2618 1276 2677 mihi

100 2713 217 2774 uideor.
264 2715 358 2776 Porro
390 2720 415 2776 si
449 2716 622 2796 Apollonius
648 2714 728 2777 Pluti
760 2714 887 2774 tabulam
918 2716 958 2775 ita
988 2714 1209 2796 explicauisset,
1245 2725 1276 2775 ut

99 2812 223 2873 Plutum
242 2831 316 2893 eam,
341 2832 428 2892 quam
448 2817 706 2895 interpretaretur,
729 2814 926 2892 posteriorem
946 2831 1010 2872 esse
1031 2832 1067 2872 ex
1092 2813 1192 2873 uerbis
1211 2814 1275 2871 eius

99 2909 341 2993 colligi'posset,
370 2914 536 2971 certissime
561 2910 715 2992 Didymus,
739 2909 936 2971 mihicrede!
965 2914 996 2970 in
1021 2919 1078 2970 tam
1102 2928 1275 2988 peruersarn

100 3010 282 3068 sententiam
306 3027 468 3087 numquam
491 3009 652 3069 incidisset.
695 3009 759 3070 Non
784 3011 875 3087 igitur
895 3007 992 3088 uideo,
1015 3026 1069 3066 cur
1089 3007 1276 3087 Apollonium

100 3108 203 3183 ipsum
227 3124 345 3184 quoque
369 3109 501 3184 priorem
525 3107 643 3168 Plutum
668 3117 793 3168 tractare
824 3106 880 3166 sibi
905 3107 1002 3165 uisum
1026 3123 1092 3164 esse
1116 3125 1176 3165 non
1200 3105 1276 3165 arbi-

99 3212 228 3263 tremur.

194 3299 238 3360 lV.
280 3300 341 3361 lam
369 3304 460 3380 igitur
488 3320 583 3380 usque
612 3303 647 3361 ad
671 3301 816 3381 Apollonii
840 3311 964 3362 aetatem
989 3301 1052 3377 uel,
1076 3301 1214 3379 quoniam
1239 3320 1275 3360 ne

98 3397 152 3457 hic
182 3399 302 3478 quidem
331 3403 495 3459 consistere
524 3400 607 3481 licet,
637 3400 673 3458 ad
700 3400 864 3459 Aristarchi
894 3408 1026 3477 tempora
1059 3398 1276 3479 descendimus

99 3496 157 3557 sed
185 3497 317 3556 nondum
346 3517 470 3577 usquam
500 3516 678 3576 quemqnam
706 3497 924 3577 indagauimus,
958 3516 1046 3575 quem
1079 3481 1295 3575 posteriorem

98 3594 223 3656 Plutum
247 3596 305 3656 sibi
327 3595 426 3674 legere
451 3599 548 3655 uisum
573 3615 638 3656 esse
658 3595 804 3654 affirmare
824 3597 981 3672 possimus
1024 3593 1117 3652 lmmo
1142 3593 1276 3654 neultra

99 3693 224 3772 quidem
243 3693 408 3753 Aristarchi
427 3703 559 3772 tempora
578 3711 757 3773 quemquam
781 3691 816 3751 de
835 3694 1000 3771 posteriore
1019 3690 1106 3752 Pluto
1131 3695 1275 3771 cogitasse

99 3791 263 3871 contendo,
287 3793 456 3851 testimonio
480 3810 552 3853 usus
576 3792 689 3852 scholio
714 3790 749 3849 ad
774 3809 800 3849 u.
827 3785 899 3850 179.
946 3789 1064 3849 Nouum
1088 3791 1119 3849 in
1143 3808 1178 3849 eo
1203 3791 1276 3849 alius

98 3889 279 3967 interpretis
293 3889 502 3968 Aristophanei
516 3900 612 3951 exstat
626 3908 743 3967 nomen,
759 3886 925 3948 Callistrati.
954 3887 1087 3947 Primum
1104 3886 1276 3965 intellegere

97 3985 285 4067 studeamuS,
304 3987 375 4064 quid
397 3987 445 4047 ille
465 3989 501 4048 de
521 4008 629 4049 uersus
652 3987 712 4049 179
733 3984 926 4065 explicatione
947 3987 1082 4044 senserit.
1116 3984 1277 4064 Postquam

99 4083 140 4144 de
166 4081 254 4143 Laide
279 4087 446 4164 expositum
470 4085 566 4165 deque
587 4089 651 4145 eius
675 4094 768 4145 aetate
789 4084 955 4144 dubitatum
980 4093 1033 4163 est,
1057 4081 1214 4143 scholiasta
1234 4085 1276 4141 sic

100 4181 207 4243 dicere
230 4184 341 4260 pergit:
368 4181 561 4262 Φιλωνίδην
586 4176 622 4243 δὲ
647 4175 687 4243 οὐ
711 4175 770 4243 τὸν
793 4174 935 4262 ποιητήν
958 4194 1041 4261 φησι
1064 4172 1123 4241 τὸν
1147 4177 1183 4241 ἐν
1208 4189 1277 4252 τοῖς

96 4273 388 4362 Ἀριστοφανείοις
416 4276 684 4361 ἐγγεγραμμένον
709 4276 890 4361 δράμασιν,
919 4271 963 4353 ὡς
991 4277 1025 4340 oi
1050 4273 1125 4357 περὶ
1154 4278 1277 4338 Καλλί-

99 4390 249 4458 στρατον
269 4373 443 4456 (olberto)
468 4374 504 4438 ἐν
523 4378 562 4461 τῇ
584 4370 765 4466 ὁμωνυμίᾳ
782 4373 1028 4459 πλανηθέντες
1056 4367 1146 4434 butu
1162 4374 1240 4428 usn.
1257 4370 1314 4422 *iix

694 4474 697 4480 .
1064 4473 1104 4524 Q,
