2798 4740
525 296 831 370 '-68-

136 473 235 526 autem
258 466 377 527 Plutum
402 470 426 527 si
450 467 520 527 illud
546 463 614 528 ἐκεῖ
635 469 773 548 pertinet,
796 476 859 528 tum
884 467 975 527 uerba
999 466 1085 527 haec:
1109 458 1174 545 ήδη
1199 459 1264 546 γάρ
1291 456 1309 526 ὁ

134 557 363 644 Κορινθιακὸς
377 557 520 643 πόλεμος
535 559 679 642 συνέστη
697 558 808 645 τρισὶν
827 554 846 643 ή
865 558 1019 645 τέτρασιν
1039 562 1124 623 ἐτεσι
1143 557 1310 644 πρότερον

133 657 193 720 τοί
215 654 433 743 Ἀντιπάτρου
457 681 524 723 cum
550 665 606 742 eis,
630 679 705 739 quae
729 662 921 742 antecedunt,
945 663 1079 722 construi
1103 662 1223 724 omnino
1249 679 1310 721 non

133 760 190 817 iam
218 769 353 837 possunt.
404 759 524 821 Plutum
558 761 636 818 enim
669 760 800 837 priorem
828 778 852 819 a.
882 756 947 821 408
978 759 1095 818 doctam
1124 776 1189 817 esse
1218 777 1310 836 supra

134 855 285 937 uidimuS,
315 856 425 917 bellum
458 876 530 918 uero
564 854 785 915 Corinthiacum
819 856 856 917 ol.
887 857 1005 917 demum
1034 853 1094 935 96,
1122 853 1142 916 3
1172 881 1213 903 --
1242 853 1310 916 394

133 969 158 1011 a.
183 951 250 1013 Chr.
274 957 338 1032 geri
366 963 505 1033 coeptum
533 971 599 1013 esse
628 952 749 1012 tradidit
771 953 918 1014 Diodorus
942 953 1005 1012 lllV
1030 950 1086 1014 86:
1119 944 1136 1013 ὁ
1165 946 1311 1032 πόλεμος

134 1033 231 1122 οὗτος
255 1046 379 1130 ἐκλήθη
404 1044 636 1132 Κορινθιακός
659 1048 723 1109 coll.
748 1069 813 1130 cpp.
838 1048 889 1129 85,
913 1049 965 1130 82,
989 1048 1040 1111 54.

198 1171 200 1174 ’
222 1148 280 1208 Sed
309 1168 368 1208 non
396 1167 520 1228 prorsus
544 1148 655 1209 frustra
678 1147 734 1208 hoc
757 1149 923 1227 periculum
948 1148 1073 1228 factum,
1101 1148 1211 1226 aliquid
1236 1166 1309 1208 sane

132 1244 208 1305 lucri
232 1247 300 1306 inde
320 1247 474 1307 redundat.
521 1247 581 1306 lam
605 1249 683 1306 enim
709 1247 928 1325 cognoscimus,
951 1247 1076 1305 tortasse
1100 1253 1198 1304 tamen
1221 1248 1310 1323 prius

131 1340 203 1400 illud
229 1344 379 1403 numerale
404 1338 548 1428 δευτέρῳ
571 1346 602 1403 in
625 1336 774 1426 προτέρῳ
799 1343 1007 1420 corrigendum
1030 1361 1095 1401 esse
1116 1360 1212 1420 neque
1232 1361 1309 1402 uero

132 1437 188 1498 hoc
213 1440 321 1523 solum,
346 1442 398 1501 sed
422 1444 510 1501 etiam
533 1441 625 1501 uerba
649 1459 692 1521 ea,
716 1457 791 1518 quae
815 1447 898 1500 sunt:
923 1429 960 1512 δς
983 1438 1117 1520 ἔσχατος
1141 1432 1309 1520 ἐδιδάχθη

132 1525 187 1594 ὑπ’
210 1530 314 1597 αὐτοῦ
334 1535 470 1622 εἰκοστῷ
491 1537 554 1598 ἐτει
577 1529 730 1618 ὕστερον,
754 1537 973 1617 transponenda
997 1556 1062 1598 esse
1086 1546 1154 1615 post
1179 1537 1309 1597 uerbum

132 1627 376 1713 μετενήνεκται,
396 1638 434 1696 ita
455 1643 488 1695 ut
506 1641 587 1694 totus
606 1635 655 1694 hic
674 1634 758 1696 locus
778 1636 855 1696 haud
875 1639 965 1697 sciam
985 1654 1022 1696 an
1042 1637 1084 1695 sic
1104 1636 1309 1696 emendandus

133 1732 181 1811 sit,
205 1739 239 1791 ut
262 1732 440 1793 scribamus:
465 1728 570 1811 δήλου
589 1724 625 1792 δέ
646 1727 680 1792 ἐκ
699 1731 760 1793 τοῦ
780 1729 817 1794 ἐν
833 1729 983 1818 προτέρῳ
1002 1727 1179 1812 φέρεσθαι·
1203 1731 1234 1794 εί
1252 1725 1309 1813 μὴ,

131 1817 212 1907 ὅπερ
236 1821 338 1908 είκδς,
367 1825 402 1889 ἐκ
429 1827 491 1891 τοῦ
514 1823 673 1911 δευτέρου
695 1823 853 1890 Πλούτου
875 1828 974 1891 τοῦτο
999 1823 1244 1909 μετενήνεκται,
1269 1821 1309 1904 δς

132 1922 267 2003 ἔσχατος
291 1919 453 2007 ἐδιδάχθη
478 1916 535 1987 ὑπ’
562 1917 668 1987 αὐτοῦ
697 1925 834 2012 εἰκοστῷ
864 1926 927 1988 ἔτει
955 1921 1105 2006 ὕστερον.
1152 1923 1220 1988 ἐκεῖ
1240 1919 1307 2008 γάρ

131 2013 244 2101 ὀρθῶς
267 2021 341 2104 ἔχει.
387 2016 452 2103 ήδη
476 2016 541 2104 γὰρ
563 2019 627 2084 κτέ.
900 2016 908 2021 ’

222 2119 271 2180 Sic
300 2123 326 2180 si
351 2120 523 2202 scribimus,
553 2123 649 2181 omnia
674 2123 783 2200 optime
808 2124 886 2182 inter
910 2141 942 2182 se
966 2123 1126 2182 cohaerent
1150 2131 1179 2181 et
1202 2121 1306 2183 claris·

131 2217 204 2274 sima
233 2226 302 2277 sunt
330 2238 427 2297 neque
456 2219 589 2296 prolecto
618 2218 779 2297 quidquam
807 2229 865 2300 est,
899 2219 977 2297 quod
1006 2219 1094 2298 hanc,
1128 2237 1202 2296 qnae
1232 2220 1306 2279 mihi

131 2316 218 2373 unice
247 2334 318 2375 uera
347 2335 413 2375 esse
437 2316 571 2396 uidetur,
601 2319 801 2376 coniecturam
826 2317 993 2375 reiciamus.
1040 2316 1113 2375 Rem
1137 2325 1249 2396 autem,
1280 2321 1306 2377 si

131 2420 212 2471 recte
238 2415 429 2494 coniecimns,
452 2432 577 2494 prorsus
602 2414 724 2474 eandem
747 2413 839 2473 habes
862 2422 950 2492 atque
974 2415 1004 2473 in
1029 2413 1149 2472 scholiis
1172 2433 1223 2476 uu.
1238 2397 1306 2474 972

131 2516 160 2567 et
181 2505 280 2590 1146,
304 2515 421 2589 putauit
440 2514 519 2572 enim
543 2513 586 2591 is,
616 2514 666 2590 qui
689 2512 761 2572 haec
786 2513 948 2590 congessit,
976 2528 1007 2569 se
1031 2513 1161 2588 priorem
1185 2509 1306 2571 Plutum

131 2607 267 2668 manibus
286 2618 384 2670 terere
403 2612 535 2688 itemque
558 2617 647 2688 atque
666 2609 822 2670 scholiasta
842 2629 871 2669 u.
893 2607 987 2690 1146,
1011 2607 1062 2668 ubi
1085 2608 1153 2668 sacti
1178 2608 1305 2669 alicuius

130 2708 304 2782 posterioris
337 2710 440 2767 aetatis
474 2709 584 2766 mentio
614 2710 640 2767 ei
669 2710 813 2789 occurrit,
831 2709 945 2780 ,statim
973 2709 1003 2766 in
1033 2723 1096 2764 eam
1126 2708 1303 2765 sententiam

130 2801 211 2883 abiit,
234 2812 268 2863 ut
291 2803 385 2881 priori
408 2803 494 2865 Pluto
518 2803 676 2864 nonnullos
699 2806 875 2883 posterioris
899 2802 1016 2863 fabulae
1040 2820 1147 2862 uersus
1172 2804 1305 2863 insertos

130 2919 195 2959 esse
220 2903 400 2977 opinaretur.

217 2995 263 3057 lV.
295 2997 396 3058 Paullo
429 2999 483 3059 alia
516 3007 562 3059 est
594 2999 729 3059 condicio
762 2999 866 3058 scholii
897 2999 931 3059 ad
961 3019 989 3059 u.
1020 2995 1081 3058 179
1115 2999 1218 3079 primi,
1250 2998 1305 3059 ubi

130 3094 287 3154 scholiasta
310 3095 429 3156 Laidem
454 3097 691 3176 quattuordecim
716 3096 834 3156 demum
863 3115 956 3157 annos
983 3105 1080 3156 natam
1109 3098 1165 3154 iam
1190 3104 1304 3156 tantam

129 3194 295 3252 meretricis
315 3194 420 3253 lamam
440 3194 498 3254 sibi
516 3196 668 3273 peperisse
688 3195 822 3273 miratur,
841 3203 875 3254 ut
893 3194 930 3253 ab
949 3194 1144 3272 Aristophane
1164 3196 1194 3253 in
1214 3194 1305 3256 Pluto

128 3291 228 3366 priore
257 3294 416 3370 perstringi
446 3299 556 3370 posset.
608 3291 666 3351 Sua
694 3293 785 3369 igitur
813 3295 957 3351 sententia
992 3294 1079 3351 ctiam
1112 3293 1137 3350 is
1169 3294 1304 3369 priorem

127 3387 248 3447 Plutum
272 3387 430 3468 tractabat,
457 3388 486 3447 id
511 3388 589 3466 quod
614 3390 671 3448 nisi
694 3406 748 3466 per
772 3406 803 3448 se
828 3389 912 3448 lacile
937 3408 952 3449 e
980 3387 1083 3448 scholii
1112 3390 1207 3468 capite
1235 3381 1305 3470 (ὅτι

124 3475 367 3564 Ἀριστοφάνης
395 3475 436 3546 οὐ
464 3482 551 3563 λέχει
579 3477 745 3564 σύμφωνα
767 3478 849 3546 κατὰ
873 3477 951 3558 τοὺς
973 3478 1130 3567 χρόνους)
1159 3486 1304 3570 eluceret,

129 3580 178 3641 uel
204 3601 239 3641 ex
259 3585 301 3642 eis
321 3585 548 3643 confirmaretur
572 3582 672 3643 uerbis
692 3601 767 3662 quae
787 3591 869 3643 sunt:
894 3581 962 3644 ἔστι
981 3576 1018 3645 δέ
1037 3578 1098 3655 ἕως
1117 3578 1306 3657 Διοκλέους

128 3675 182 3755 έτη
208 3671 267 3757 ιδ’,
292 3671 375 3738 ὥστε
399 3671 524 3757 άλογον
548 3670 603 3739 διδι
628 3670 791 3758 ὀνόματος
814 3670 920 3760 αὐτήν
944 3677 1101 3762 ἐπαίρειν.
1146 3677 1304 3760 ἐμφαίνει

128 3768 167 3838 δὲ
197 3770 251 3835 καὶ
281 3769 424 3837 Πλάτων
458 3772 495 3837 ἐν
527 3773 571 3862 τῳ
603 3776 739 3861 Φαίδρῳ
768 3769 1032 3861 ἑπτακαιδεκάτῳ
1061 3775 1125 3837 ἐτει
1158 3769 1303 3858 ὕστερον

129 3869 324 3953 διδαχθέντι
341 3868 394 3934 ἐπὶ
410 3868 601 3946 Διοκλέους.
625 3873 704 3935 flacc
724 3877 812 3953 enim,
832 3877 900 3954 quia
914 3875 990 3935 bona
1005 3877 1150 3935 sententia
1166 3876 1303 3955 exsculpi

126 3989 186 4029 non
214 3978 325 4048 potest,
355 3973 520 4031 certissime
544 3989 612 4031 oiim
635 3969 860 4032 llemsterhusio
892 3975 934 4033 sic
959 3971 1134 4051 corrigenda
1158 3981 1241 4053 sunt,
1265 3983 1302 4036 ut

125 4068 254 4145 legatur:
279 4064 432 4148 ἐμφαίνει
456 4061 494 4127 δὲ
516 4060 571 4127 καὶ
595 4060 741 4128 Πλάτων
764 4065 801 4129 ἐν
823 4067 867 4155 τῳ
895 4063 1011 4130 Φάωνι
1035 4063 1300 4155 ἑπτακαιδεκάτῳ

127 4164 191 4226 ἐτει
214 4156 357 4246 ὕστερον
377 4159 571 4244 διδαχθέντι
591 4160 642 4226 ἐπί
665 4160 875 4238 Φιλοκλέους.
911 4166 1059 4227 Philocles
1080 4176 1188 4246 autem,
1211 4169 1300 4228 cuius

110 4279 228 4320 nomen
250 4266 376 4341 saepius
397 4283 414 4323 a
436 4265 637 4343 grammaticis
661 4262 886 4343 scholiastisque
914 4266 944 4323 in
968 4262 1076 4323 Dioclis
1100 4282 1207 4323 nomen
1232 4284 1299 4325 oor-

87 4359 224 4425 ruptum
250 4367 300 4416 est
318 4353 374 4441 (cl.
396 4361 541 4444 Prolegg.
565 4363 605 4425 de
629 4363 787 4426 comoedia
807 4361 851 4424 lll
872 4358 917 4425 bi
935 4355 1079 4441 bucbnb,
1096 4360 1209 4420 archon
1229 4381 1299 4441 epo-
