2798 4740
624 299 844 362 ,84-

152 459 253 542 igitur,
274 465 324 543 qui
339 470 486 522 uocantur
501 457 536 521 ol
556 455 630 540 περὶ
650 459 912 541 Καλλίστρατον,
932 462 960 520 h.
976 481 1001 521 e.
1021 462 1184 522 secundum
1205 458 1335 519 scholia.

153 567 265 618 starum
289 577 402 619 morem
426 558 566 637 loquendi
598 557 647 616 uel
670 559 734 636 ipse
759 557 942 619 Callistratus
967 558 1047 620 solus
1071 559 1119 620 uel
1143 557 1334 619 Callistratus

152 658 276 734 eiusque
306 655 444 735 discipuli
468 688 509 697 -
534 655 566 714 hi
593 657 684 732 igitur
713 674 794 734 eum,
823 659 874 734 qui
907 656 942 716 ab
970 658 1166 737 Aristophane
1200 673 1334 716 comme-

152 762 335 832 moraretur,
365 752 550 812 Philonidem
575 754 701 813 eundem
723 771 787 812 esse
813 752 959 814 docebant
982 766 1069 834 atque
1094 765 1213 833 poetam
1236 752 1336 834 illum,

129 835 200 910 ¹oui
235 850 447 930 Aristophanes
481 849 649 929 complures
683 850 850 910 comoedias
883 853 915 910 in
948 871 1067 912 scenam
1101 848 1335 912 committendas

152 948 274 1007 tradidit
302 950 447 1026 cuiusque
467 947 632 1006 fabularum
663 949 751 1006 etiam
776 967 855 1007 nune
879 948 990 1027 aliquot
1014 934 1130 1010 exstant
1154 950 1336 1026 fragmenta.

154 1045 186 1104 Si
205 1045 371 1106 scholiastis
391 1038 475 1126 (nub.
492 1039 570 1125 510)
590 1044 677 1104 fidem
696 1044 849 1125 habemus,
868 1048 1089 1130 Aristophanes,
1108 1055 1141 1108 ut
1159 1046 1210 1106 alii
1223 1052 1336 1124 poetae

154 1163 223 1203 snas
242 1142 409 1203 comoedias
428 1142 576 1201 docendas
596 1142 757 1222 mandaret,
780 1142 843 1220 lege
863 1144 988 1220 quadam
1007 1154 1172 1205 commotus
1197 1154 1254 1222 est,
1273 1160 1335 1220 qua

153 1244 299 1302 sancitum
323 1250 395 1320 erat,
419 1259 456 1299 ne
481 1241 548 1319 quis
572 1241 693 1316 triginta
717 1243 814 1300 minor
838 1245 922 1328 annis
947 1250 1017 1303 natu
1041 1242 1169 1302 fabulam
1196 1242 1334 1300 doceret.

153 1339 235 1408 Quae
259 1357 347 1398 causa
367 1356 545 1415 quamquam
565 1338 731 1396 certissime
757 1338 827 1397 lalsa
848 1348 902 1419 est,
927 1349 1024 1399 tamen
1043 1341 1099 1400 hoc
1119 1340 1187 1399 inde
1208 1336 1334 1398 conclu-

153 1437 223 1496 dere
248 1436 331 1516 licet,
356 1435 636 1495 Callistratumiam
660 1452 737 1493 anno
760 1431 825 1495 427
851 1431 914 1516 (uel
937 1431 1016 1517 426)
1038 1439 1156 1514 triginta
1181 1453 1335 1495 annorum

153 1534 258 1613 luisse,
286 1535 328 1592 ita
356 1542 389 1592 ut
418 1551 487 1592 sane
516 1530 601 1591 facile
631 1533 661 1591 in
684 1530 771 1590 Pluto
799 1533 899 1609 priore
930 1535 1091 1611 perstringi
1113 1541 1223 1610 posset.
1271 1531 1334 1591 Sed

154 1649 282 1710 quonam
306 1631 393 1689 modo
422 1630 541 1707 accidit,
572 1635 604 1688 ut
632 1628 817 1688 Callistratus
850 1629 929 1688 hunc
961 1632 1061 1708 potius
1093 1640 1209 1708 poetam
1240 1647 1334 1709 quam

153 1722 365 1789 ‘Corinthium'
389 1726 471 1785 illum
495 1727 617 1786 diuitem
638 1727 798 1805 significari
823 1725 879 1785 sihi
902 1724 1118 1804 persuaderet?
1151 1726 1333 1806 lgnotumne

154 1828 182 1885 ei
206 1835 278 1905 erat,
302 1825 379 1903 quod
404 1823 440 1882 de
462 1822 616 1882 Philonide
637 1820 834 1882 narrabatur?
857 1823 958 1884 Potuit
977 1824 1005 1883 id
1031 1825 1149 1903 quidem
1173 1825 1253 1904 lieri;
1278 1823 1333 1883 sed

154 1926 180 1982 si
208 1925 390 2002 posteriores
419 1924 599 1999 interpretes
628 1930 687 1981 tam
716 1920 838 1980 uberem
868 1922 1007 1981 similium
1035 1923 1169 1983 locorum
1193 1924 1334 1983 notitiam

153 2020 309 2101 habebant,
337 2019 537 2079 Callistratum
565 2021 682 2079 inscitia
706 2017 868 2077 Philonidis
893 2013 1060 2079 ‘Corinthii'
1090 2023 1187 2080 minus
1205 2038 1334 2098 persua·

154 2119 225 2178 dere
244 2118 317 2178 mihi
331 2111 453 2196 possum
473 2115 632 2176 adductum
651 2135 725 2196 esse,
745 2126 777 2175 ut
792 2125 910 2194 poetam
930 2115 1012 2176 illum
1027 2119 1187 2195 significari
1205 2117 1333 2177 diceret.

154 2216 223 2276 Veri
252 2215 377 2275 similius
405 2216 574 2293 putauerim
604 2212 804 2274 Callistratum
838 2223 1004 2290 temporum
1038 2218 1151 2275 ratione
1184 2213 1220 2273 ad
1253 2215 1334 2274 hano

155 2317 332 2374 sententiam
355 2312 517 2390 impulsum
541 2330 615 2371 esse.
658 2310 805 2371 Credebat
833 2313 973 2371 nimirum
998 2331 1029 2371 se
1052 2315 1185 2391 priorem
1208 2310 1333 2372 Plutum

155 2412 290 2471 manibus
310 2421 424 2490 terere3
448 2428 482 2468 ac
502 2409 627 2468 lortasse
653 2426 688 2467 ex
708 2411 759 2488 eiS,
784 2411 835 2487 qui
853 2411 881 2467 ei
899 2418 1017 2486 praesto
1037 2421 1129 2485 erant,
1152 2410 1225 2470 locis
1249 2412 1333 2469 simi-

154 2510 232 2570 libus
261 2528 295 2568 ea
323 2510 454 2587 suspicio
482 2510 510 2566 ei
538 2505 641 2566 oborta
670 2514 729 2586 est,
758 2523 832 2583 quae
865 2506 1080 2584 interpretibus
1111 2507 1333 2587 posterioribus

155 2608 258 2667 oborta
290 2626 349 2667 non
379 2615 437 2687 est,
465 2604 649 2664 Philonidem
679 2597 889 2664 ‘Corinthium'
918 2603 966 2662 uel
995 2603 1178 2665 Melitensem
1205 2604 1296 2664 Pluto
1320 2604 1334 2663 l

154 2709 351 2784 posteriorem
370 2706 471 2764 fuisse.
513 2703 616 2782 ltaque
640 2703 724 2763 aliam
749 2704 813 2760 eius
833 2703 960 2760 nominis
980 2720 1137 2779 personam
1156 2702 1333 2781 intellegen-

156 2803 221 2863 dam
242 2822 306 2863 esse
331 2800 547 2881 quodammodo
567 2810 687 2860 coactus
711 2807 783 2878 erat,
808 2808 841 2857 nt.
864 2797 922 2857 sibi
944 2800 1148 2878 persuaderet.
1191 2799 1248 2859 Sed
1274 2800 1333 2860 hoe

156 2909 223 2961 utut
243 2911 297 2981 est,
321 2909 402 2960 certe
422 2918 459 2958 ne
479 2901 510 2958 in
533 2901 598 2958 eius
622 2897 741 2976 quidem
760 2898 972 2956 commentario
992 2896 1112 2957 Plutum
1133 2899 1334 2976 posteriorem

156 2999 283 3059 fabulam
308 3018 373 3058 esse
397 2999 564 3077 expositum
589 3006 665 3076 erat;
693 2993 772 3073 quod
797 2993 966 3073 siluisset,
991 2994 1239 3073 quemadmodum
1263 3003 1337 3074 post

156 3096 356 3157 Callistratum
380 3098 516 3174 egregius
540 3095 577 3154 de
601 3095 687 3155 Pluto
710 3093 723 3153 l
747 3110 832 3152 error
856 3093 1001 3152 committi
1023 3090 1142 3172 potuit?

215 3216 216 3219 ¹
245 3195 305 3254 lam
326 3194 510 3254 Callistratus
528 3192 577 3252 ille
602 3196 668 3271 quis
692 3192 791 3270 luerit,
815 3189 979 3249 eruendum
1000 3201 1054 3250 est.
1095 3188 1174 3249 Haec
1194 3193 1335 3268 quaestio

156 3295 353 3373 paucissumis
373 3292 487 3352 absolui
511 3300 618 3371 potest.
661 3291 737 3351 Satis
762 3290 841 3348 enim
865 3290 931 3362 erit,
955 3291 980 3347 si
1000 3307 1035 3348 ex
1055 3297 1100 3348 tot
1118 3289 1200 3367 locis,
1220 3288 1336 3366 quihus

158 3390 318 3451 Callistrati
347 3410 455 3451 nomen
483 3392 646 3470 inuenitur,
670 3406 762 3449 unum
786 3404 914 3464 eumque
937 3386 1171 3447 illustrissimum
1195 3385 1340 3450 attulero.

157 3488 195 3549 Vt
231 3490 310 3547 enim
341 3487 541 3547 Callistratum
573 3487 621 3546 uel
654 3471 722 3546 inde
754 3485 959 3565 Aristophanis
991 3484 1122 3564 Byzantii
1154 3485 1340 3563 discipulum

158 3588 251 3646 luisse
276 3584 413 3645 concludi
436 3589 543 3664 potest,
567 3584 645 3662 qnod
669 3585 787 3663 saepius
810 3586 885 3643 uiris
909 3584 1004 3644 doctis
1027 3583 1233 3660 Aristarcheis,
1258 3600 1284 3644 e.
1307 3602 1338 3662 g.

159 3684 313 3764 Apollonio
338 3681 423 3761 (Blau
447 3700 475 3759 p.
495 3676 551 3762 53)
576 3684 744 3761 opponitur,
768 3685 808 3743 ita
831 3701 891 3742 non
914 3681 1009 3741 solum
1034 3680 1139 3740 scholii
1153 3680 1193 3740 ad
1212 3679 1339 3744 Thesm.

158 3765 273 3843 neit
297 3779 397 3839 uerbis
418 3780 477 3838 his:
501 3769 648 3852 ‘deditos
667 3773 704 3840 db
730 3770 773 3841 ἂν
798 3783 847 3859 el'q
869 3771 886 3840 ὁ
911 3777 1160 3860 Καλλίστρατος
1183 3772 1340 3840 πιστεύε-

158 3883 239 3941 σθαι
264 3869 307 3950 ὡς
330 3867 372 3937 ἂν
401 3870 476 3955 περὶ
501 3870 705 3938 διδασκάλου
737 3875 798 3939 τοῦ
823 3869 1085 3959 Ἀριστοφάνους
1116 3871 1245 3956 λέγων’,
1281 3879 1339 3938 sed

159 3981 247 4040 etiam
267 3976 383 4035 duobus
402 3974 546 4034 Athenaei
569 3975 643 4035 locis
666 3979 761 4036 omnis
786 3976 930 4037 dubitatio
955 3976 1075 4056 tollitur,
1098 3973 1148 4034 lib.
1172 3974 1185 4033 l
1208 3992 1236 4052 p.
1257 3973 1339 4036 210

157 4085 187 4136 et
210 4074 246 4133 Vl
269 4093 297 4152 p.
322 4070 386 4133 263
397 4072 430 4133 E.

246 4171 277 4231 V.
319 4170 459 4231 Videmus
490 4173 581 4250 igitur
612 4190 649 4231 ne
681 4171 887 4250 Aristophanis
920 4170 1039 4250 quidem
1070 4170 1203 4250 Byzantii
1235 4179 1337 4234 aetate·

151 4270 275 4328 Plutum
303 4267 432 4329 fabulam
460 4272 659 4348 posteriorem
686 4270 814 4330 habitam
844 4289 919 4332 esse.
969 4268 1027 4328 Sed
1055 4286 1093 4327 ne
1121 4287 1172 4328 eos
1202 4267 1338 4351 quidem,

132 4365 191 4435 qui
213 4364 295 4422 ultra
315 4366 534 4447 Aristophanis
554 4380 685 4433 aetatem
704 4369 838 4444 luerunt,
860 4367 1066 4448 grammaticos
1081 4367 1337 4444 interpretesque,
