2798 4740
642 315 864 379 „82-

167 471 367 535 dubitationes
394 475 458 536 illas
488 477 523 537 de
551 475 637 536 Pluto
666 479 766 555 priore
797 478 832 537 ad
857 478 1012 558 Didymum
1038 479 1144 540 relatas
1169 495 1248 557 csse,
1273 494 1346 535 cum

167 588 226 628 non
251 572 337 631 modo
357 572 512 652 explicatio
532 572 579 632 illa
599 573 635 632 de
655 574 840 654 Thrasybulo
859 575 1058 656 Dionysioque
1078 594 1202 656 prorsus
1221 573 1347 653 absona,

167 667 218 726 sed
245 677 339 728 toturn
362 669 418 729 hoo
443 688 561 748 quoque
585 670 740 749 scholium,
768 677 904 751 quamuis
928 674 1063 734 diuersas
1087 676 1249 735 sententias
1273 689 1348 729 con·

167 766 274 846 tinens,
298 783 314 824 e
337 765 453 844 Didymi
477 770 697 827 commentariis
722 768 890 829 deriuatum
915 773 960 831 sit.
1008 772 1065 831 Sed
1090 772 1146 830 hoc
1162 752 1226 830 ¹ianr
1251 785 1348 846 supra

166 864 238 922 satis
261 863 494 923 demonstratum
517 873 571 943 est,
595 866 694 942 itaque
719 870 819 927 statim
843 867 877 926 ad
901 868 930 928 id
951 872 1078 929 transire
1097 869 1167 927 licet
1185 866 1348 947 agendum,

167 961 244 1038 quod
265 963 373 1021 summi
392 963 534 1020 momenti
553 971 606 1041 cst,
631 972 673 1043 ut,
692 967 759 1041 quis
779 965 869 1026 luerit
887 966 937 1027 ille
956 967 1138 1046 Apollonius,
1161 968 1190 1024 in
1215 965 1348 1024 clariore

166 1057 231 1118 luce
261 1078 376 1137 ponam.
423 1059 699 1119 Commemorantur
727 1065 806 1121 enim
835 1082 885 1123 sex
910 1067 940 1124 in
972 1063 1091 1123 scholiis
1115 1062 1349 1141 Aristophancis

164 1155 321 1236 Apollonii,
345 1174 471 1236 quorum
496 1158 700 1235 quaerendum
724 1168 770 1219 cst
793 1168 893 1220 utrum
925 1179 1001 1220 unus
1025 1178 1061 1219 an
1094 1157 1263 1237 complures
1287 1157 1348 1216 hoc

164 1253 229 1312 loco
253 1254 385 1332 intellegi
407 1258 532 1333 possint.

255 1351 353 1411 Semel
382 1352 519 1412 laudatur
542 1350 716 1430 Apollonius
739 1356 774 1434 λε,
802 1357 851 1414 cui
882 1373 1045 1433 cognomen
1069 1354 1125 1412 fuit
1148 1352 1348 1431 Acharncnsi,

73 1469 75 1474 ¹
166 1448 255 1509 schol.
286 1449 355 1509 nuh.
385 1447 458 1511 408.
506 1449 588 1518 Quae
617 1458 715 1509 autem
744 1451 785 1510 ihi
813 1452 953 1530 leguntur
983 1449 1087 1511 uerba:
1121 1445 1348 1509 (Διασίοισιν

165 1537 262 1626 ἑορτὴ
283 1539 444 1626 Ἀθήνησι
462 1545 643 1625 Μειλιχίου
668 1540 754 1619 Διός
780 1596 864 1610 ....
886 1540 1107 1619 Ἀπολλώνιος
1131 1538 1167 1606 δὲ
1191 1537 1209 1606 ὁ
1230 1537 1348 1626 Ἀχαρ-

164 1635 243 1714 νεὺς
256 1636 297 1703 τὰ
313 1636 439 1703 Διάσια
458 1641 621 1723 διακρίνει
641 1635 706 1706 ιἰπὸ
725 1642 784 1723 τῆς
806 1644 866 1707 τοῦ
886 1643 1067 1724 Μειλιχίου
1094 1638 1217 1720 ἑορτῆς,
1242 1654 1349 1722 προσ-

166 1735 389 1819 αγορεύεσθαι
413 1731 496 1800 αὐτὰ
524 1735 645 1820 λέγων,
673 1735 826 1823 καθάπερ
849 1740 937 1815 τινές
961 1757 1076 1822 φασιν,
1103 1731 1249 1801 ἀπὸτοῦ
1274 1738 1346 1799 δια-

84 1870 88 1873 ·
166 1846 286 1917 φυγεῖν
301 1829 424 1908 αὐτοὺς
439 1828 551 1916 εὐχαῖς
565 1830 623 1909 τὰς
639 1831 744 1917 ἄρας’,
760 1859 794 1899 οε
813 1843 991 1901 sententiam
1010 1847 1143 1898 nostram
1158 1855 1192 1896 eo
1208 1837 1343 1916 dirigere

167 1936 320 2015 uidentur,
349 1946 381 1995 ut
409 1954 477 1995 euni
512 1936 637 1994 loclesse
670 1937 849 2015 singularem
878 1931 952 2017 περὶ
986 1933 1111 2016 ἑορτῶν
1144 1934 1255 1994 lihrum
1288 1953 1346 1994 nec

165 2037 410 2094 commentarium
435 2031 682 2110 Aristophaneum
711 2037 867 2114 scripsisse
896 2044 1049 2115 putemus
1079 2036 1128 2093 cui
1152 2035 1346 2094 coniecturae

165 2131 241 2191 haud
267 2134 328 2191 scio
353 2150 389 2190 an
413 2130 571 2191 subueniat
594 2131 736 2193 Athenaei
759 2132 808 2191 lih.
832 2133 855 2190 V
879 2152 906 2211 p.
933 2129 993 2194 191
1008 2131 1039 2190 F.

256 2229 354 2289 Semel
368 2229 474 2288 deinde
495 2231 558 2305 ipse
578 2247 696 2307 quoque
716 2230 852 2290 laudatur
867 2230 1040 2308 hpollonius
1056 2229 1092 2308 13,
1112 2229 1163 2306 qui
1178 2227 1346 2288 uocahatur

166 2319 183 2386 ὁ
214 2321 358 2400 Μόλων;
393 2326 444 2386 scd
480 2344 517 2385 ne
550 2325 630 2385 hunc
661 2328 779 2404 quidem
812 2329 1058 2387 commentarium
1091 2325 1345 2402 Aristophaneum

166 2426 369 2504 composuisse
398 2442 432 2482 ex
462 2424 535 2500 ipsis
563 2421 667 2481 scholii
695 2424 729 2482 ad
760 2425 829 2485 nuh.
856 2421 920 2485 144
949 2422 1049 2483 uerhis
1080 2423 1113 2481 fit
1136 2421 1345 2481 manifestum:

166 2519 379 2602 Χαιρεφῶντι
411 2515 467 2581 καὶ
501 2510 521 2599 ἡ
556 2518 675 2578 Πυθία
718 2518 811 2581 δοκεῖ
841 2513 903 2582 τὸν
938 2513 1105 2599 περὶτοῦ
1138 2510 1346 2598 Σωκράτους

165 2611 316 2700 χρησμὸν
346 2617 464 2679 εἰπεῖν’
490 2609 597 2697 σοφὸς
620 2619 686 2678 κτλ.
713 2617 836 2682 τοῦτον
858 2611 1079 2688 Ἀπολλώνιος
1103 2608 1120 2678 ὁ
1144 2608 1276 2677 Μόλων
1303 2612 1344 2676 ἐν

165 2714 215 2801 τῷ
238 2709 332 2776 κατὰ
358 2709 594 2796 φιλοσόφων
617 2709 784 2788 ἐψεῦσθαί
800 2731 892 2796 φησι.

255 2814 296 2873 hc
326 2833 362 2873 ne
395 2812 528 2873 Rhodius
556 2812 675 2890 quidem
704 2814 877 2893 Apollonius
905 2814 1151 2874 commentarium
1184 2813 1344 2889 scripsisse

166 2911 299 2992 uidetur,
324 2913 392 2990 quia
420 2909 472 2970 uhi
495 2909 641 2988 laudatur,
671 2911 780 2972 iccirco
805 2920 919 2972 tantum
943 2911 1089 2990 laudatur,
1113 2916 1147 2969 ut
1170 2908 1282 2968 similes
1308 2927 1345 2968 ex

167 3012 231 3069 eius
254 3011 462 3088 Argonauticis
485 3007 543 3065 loci
567 3007 735 3067 alienantur.

255 3108 386 3177 Quartus
411 3108 488 3166 inter
512 3103 618 3163 horum
642 3106 777 3166 uirorum
800 3106 955 3167 doctorum
975 3106 1185 3184 cognominum
1205 3103 1345 3163 ordinem

166 3214 212 3263 est
235 3205 408 3284 Apollonius
436 3202 587 3282 Dyscolus.
634 3203 707 3264 Nam
736 3223 912 3284 quamquam
937 3223 953 3263 a
985 3201 1151 3263 scholiastis
1171 3202 1229 3259 nisi
1252 3201 1344 3279 Apol-

166 3301 264 3362 lonius
288 3303 463 3382 cognomine
483 3303 592 3361 omisso
611 3320 671 3363 noo
695 3301 867 3381 appellatur,
891 3310 989 3361 tamen
1013 3297 1148 3358 adhunc
1172 3306 1235 3357 tres
1258 3297 1344 3357 locos

167 3401 340 3460 referendos
369 3419 434 3459 csse
463 3408 584 3478 apparet
616 3419 652 3459 ex
685 3418 788 3460 eorum
821 3402 884 3476 ipsa
914 3399 1046 3457 materia.
1092 3395 1157 3469 Huc
1189 3396 1348 3473 pertinent

167 3497 258 3558 schol.
281 3497 358 3559 Plut.
381 3494 453 3559 103.
490 3496 562 3556 Rau.
582 3494 656 3558 826.
697 3497 749 3575 Eq.
770 3494 821 3557 22.
860 3496 918 3556 Sed
937 3499 1002 3556 eius
1022 3494 1247 3554 obseruationes
1264 3509 1345 3569 quac

167 3593 325 3656 laudantur
348 3596 421 3655 tales
445 3603 523 3668 sunt,
546 3604 580 3654 ut
603 3594 687 3654 lacile
711 3613 748 3653 ex
772 3596 836 3653 cius
855 3602 919 3653 arte
940 3593 1130 3672 grammatica
1149 3590 1346 3668 depromptas

167 3712 217 3760 eas
245 3713 311 3754 esse
344 3695 513 3753 existimare
542 3691 629 3751 liceat
656 3711 752 3770 neque
781 3709 850 3752 eum
877 3691 1059 3770 peculiarem
1092 3688 1347 3749 commentarium

168 3792 417 3870 Aristophaneum
442 3791 655 3867 conscripsisse
679 3799 784 3868 putare
808 3808 883 3869 opus
907 3792 954 3850 sit.

256 3890 316 3950 lam
348 3897 463 3949 restant
495 3888 732 3965 quattuordecim
766 3887 946 3948 scholiorum
979 3887 1050 3967 loci,
1082 3884 1134 3944 uhi
1166 3882 1348 3962 Apollonius

167 3987 296 4068 quidam,
320 3995 350 4046 et
373 4005 460 4065 unus,
484 3983 536 4045 uhi
554 3984 725 4063 Apollonius
745 3983 898 4045 Chaeridis
918 3991 1176 4044 commemoratur.
1215 3980 1271 4040 utu
1292 3981 1347 4042 ille

166 4086 244 4145 idem
273 4103 339 4145 csse
367 4093 455 4163 atquc
483 4083 532 4142 hic
555 4081 728 4163 putabatur3
756 4082 809 4143 sed
833 4082 967 4143 lunditus
997 4080 1074 4141 hanc
1098 4081 1268 4157 opinionem
1293 4097 1347 4139 ex·

167 4183 305 4260 stirpauit
327 4182 400 4260 Aug.
424 4180 505 4260 Blau‚
529 4180 565 4240 de
588 4180 754 4240 Aristarchi
776 4179 929 4259 discipulis
952 4198 980 4258 p.
1005 4174 1048 4239 55
1072 4197 1114 4256 sq.
1156 4174 1243 4236 Hunc
1267 4176 1347 4238 nihil

157 4282 222 4337 nisi
240 4280 489 4339 commentarium
509 4279 539 4337 in
563 4277 682 4339 Iliadem
708 4281 910 4358 composuisse
930 4278 1015 4355 argui
1033 4283 1145 4355 potest3
1169 4282 1272 4334 contra
1292 4274 1345 4335 illc

138 4375 317 4434 certissime
339 4377 401 4437 fuit
424 4378 454 4437 is
479 4387 713 4461 commentator,
735 4396 827 4459 quem
847 4379 908 4438 iam
930 4375 983 4436 diu
1001 4375 1225 4450 inuestigamus
1267 4371 1346 4433 Nam
