2798 4740
578 308 796 372 ..67-

190 469 238 528 ΙΙΙ.
275 468 387 530 Eodem
417 472 503 530 modo
532 490 567 530 ex
596 469 741 530 similibus
770 471 1007 551 difficultatibus,
1035 472 1144 551 quibus
1172 482 1271 533 tamen

96 566 261 644 implicitus
289 585 347 626 non
377 575 471 647 esset,
505 570 561 626 nisi
589 567 789 646 praeiudicata
817 587 884 629 cum
913 571 1052 648 opinione
1080 571 1116 629 ad
1144 570 1272 631 fabulam

97 665 354 744 interpretandam
378 671 536 744 aggressus
561 675 652 744 esset,
677 667 816 745 expedire
840 685 872 726 se
897 674 1020 727 conatus
1044 675 1090 727 est
1114 668 1271 729 scholiasta

97 765 208 822 tertius
231 781 259 822 u.
283 761 354 845 173,
379 763 429 823 nbi
453 781 560 824 uersus
584 762 645 821 ille:
668 756 705 823 τδ
735 753 766 821 δ’
797 759 834 823 έν
862 763 1027 848 Κορίνθῳ
1056 759 1188 838 ξενικὸν
1211 758 1272 846 οὐχ

98 843 199 932 οὗτος
225 857 354 940 τρέφει;
387 864 427 920 ita
456 861 632 938 explicatur:
661 850 706 930 ῶς
733 850 784 918 άεδ
813 853 943 933 ξενικόν
971 881 1001 920 τι
1032 854 1177 941 ἐχόντων
1204 861 1272 923 τῶν

97 956 310 1036 Κορινθίων,
334 952 388 1017 καὶ
413 949 473 1038 οὐχ
498 949 541 1029 ῶς
564 955 648 1017 ένιοι
672 947 753 1015 κατὰ
777 948 836 1015 τὸν
860 950 986 1036 χρόνον
1009 957 1142 1019 τοῦτον·
1168 957 1272 1040 δῆλον

99 1048 138 1114 δέ
158 1051 193 1115 ἐκ
211 1053 271 1116 τοῦ
291 1052 327 1116 έν
347 1052 490 1137 δευτέρῳ
505 1050 681 1135 φέρεσθαι,
701 1044 738 1124 ὃς
756 1051 892 1132 ἔσχατος
911 1051 1074 1135 ἐδιδάχθη
1090 1048 1145 1116 ὑπ’
1167 1049 1272 1117 αὐτοῦ

97 1150 237 1235 εἰκοστῷ
270 1152 333 1213 ε”τει
362 1145 518 1231 ὕστερον·
551 1152 581 1213 εί
612 1143 671 1231 μὴ,
705 1142 784 1228 ὅπερ
813 1144 921 1231 εἰκὸς,
954 1148 989 1213 ἐκ
1020 1152 1081 1213 τοῦ
1115 1151 1273 1235 δευτέρου

98 1242 258 1311 Πλούτου
280 1255 380 1311 τοῦτο
403 1244 643 1330 μετενήνεκται.
667 1245 735 1308 ἐκεί
755 1240 819 1329 γάρ
843 1240 956 1329 ὀρθῶς
974 1248 1048 1329 ἔχει.
1085 1242 1150 1330 ἤδη
1170 1243 1272 1331 γάρὸ

98 1339 330 1426 Κορινθιακὸς
343 1343 483 1427 πόλεμος
502 1343 643 1424 συνέστη
662 1340 772 1425 τρισὶν
791 1335 812 1424 ἢ
831 1342 984 1423 τέτρασιν
1004 1347 1088 1408 ἔτεσι
1107 1344 1272 1427 πρότερον

98 1442 160 1504 τοῦ
181 1437 407 1526 Ἀντιπάτρου,
436 1437 489 1524 ἐφ’
517 1429 558 1504 οὗ
582 1437 761 1522 ἐδιδάχθη,
783 1437 839 1503 καὶ
862 1436 900 1504 τὸ
924 1438 1131 1524 συμμαχικὸν
1155 1439 1273 1525 ἐπανη-

98 1544 240 1618 θροιστο
264 1539 300 1603 ἐν
328 1543 493 1626 Κορίνθῳ.

190 1640 247 1699 Sed
266 1639 339 1701 haec
359 1659 428 1700 sana
448 1659 513 1700 esse
533 1658 590 1700 non
610 1650 736 1718 possunt
757 1641 924 1716 mirumque
944 1658 1014 1700 sane
1039 1641 1168 1722 uidetur,
1192 1643 1272 1720 quod

99 1757 138 1797 ne
162 1736 406 1799 Hemsterhnsius
430 1739 549 1818 quidem
569 1738 616 1798 uel
643 1737 789 1816 Ritterus,
815 1737 929 1796 iudices
953 1740 1049 1797 critici
1073 1740 1203 1817 alioquin
1229 1758 1272 1799 sa·

99 1837 261 1917 gacissimi,
288 1839 318 1896 in
348 1836 395 1896 his
424 1835 525 1897 uerbis
553 1835 749 1895 offenderunt.
801 1833 887 1914 Nam,
915 1854 974 1913 quo
1003 1836 1171 1896 euidentius
1199 1837 1272 1896 baec

100 1932 193 1992 uerba
221 1943 363 2012 corrupta
391 1953 456 1994 esse
487 1942 639 2010 appareat,
669 1932 739 2011 qnid
768 1931 840 1991 dicit
868 1931 1046 1993 scholiasta?
1096 1933 1273 2008 Corinthios,

100 2033 168 2109 quia
188 2031 237 2090 bic
257 2050 364 2092 uersus
388 2034 418 2091 in
437 2031 523 2091 Pluto
548 2033 714 2109 posteriore
739 2029 861 2109 legatur,
886 2048 1004 2109 semper
1029 2032 1135 2092 milites
1160 2051 1271 2091 merce·

99 2130 199 2188 narios
235 2129 342 2189 aluisse
375 2130 521 2209 putandos
555 2146 633 2206 esse,
664 2145 737 2204 non,
769 2135 803 2186 ut
834 2127 968 2186 nonnulli
1001 2133 1189 2206 censuerint,
1222 2129 1272 2188 illo

98 2233 215 2286 tantum
239 2235 387 2308 tempore,
416 2227 467 2286 sed
492 2229 580 2286 etiarn
604 2224 711 2284 melius
734 2223 807 2283 baec
832 2224 924 2283 uerba
948 2226 1088 2304 explicari
1118 2246 1218 2305 posse,
1247 2230 1272 2286 si
1330 2262 1332 2264 v

99 2342 132 2383 ea
157 2343 193 2384 ex
216 2327 383 2402 posteriore
402 2324 487 2383 Pluto
513 2323 653 2383 translata
677 2341 743 2382 esse
768 2330 924 2382 statuatur.
963 2323 1028 2393 Quo
1053 2332 1152 2384 antem
1177 2332 1272 2383 trans·

99 2421 157 2480 lata
181 2430 251 2482 sunt
274 2441 308 2481 ex
333 2425 498 2501 posteriore
523 2420 610 2481 Pluto
634 2421 706 2480 haec
730 2417 844 2479 uerba?
880 2420 913 2479 ln
938 2440 1003 2480 eam
1027 2421 1160 2501 sicilicet,
1184 2440 1271 2499 qnam

100 2518 216 2595 legebat
239 2519 409 2599 scholiasta,
433 2518 574 2598 fabulam,
604 2536 691 2595 quam
715 2519 912 2595 posteriorem
936 2537 1001 2577 esse
1025 2519 1147 2578 dixerat.
1193 2517 1272 2578 Haec

101 2624 242 2694 corrupta
266 2636 331 2676 esse
356 2624 386 2674 et
409 2615 507 2693 aliquo
531 2614 619 2673 modo
643 2614 824 2674 emendanda
850 2617 916 2692 quis
940 2623 985 2675 est
1008 2618 1080 2694 quin
1100 2613 1271 2694 intellegat?

189 2713 378 2773 lntellexerat
405 2713 461 2772 hoc
490 2715 548 2771 iarn
572 2710 808 2771 heldermannus
835 2713 867 2770 in
896 2712 1118 2790 quaestionibus
1147 2716 1209 2772 suis
1235 2714 1271 2773 de

99 2810 305 2889 Aristophanis
328 2811 415 2871 Pluto
445 2811 623 2887 conscriptis
646 2827 674 2887 p.
699 2806 719 2868 5
748 2808 848 2887 ibique
877 2809 1033 2887 legendnm
1060 2809 1286 2890 proposueratz*

98 2903 205 2985 δῆλον
229 2899 265 2966 δέ
289 2902 324 2967 ε’κ
346 2905 407 2967 τοῦ
430 2904 466 2967 έν
489 2903 534 2990 τῶ
558 2902 706 2987 προτέρῳ
731 2900 938 2985 ῳέρεσθαι,.
965 2954 1025 2970 ...
1051 2906 1082 2967 εί
1106 2900 1165 2988 μὴ,
1191 2901 1273 2990 ὅπερ

43 3061 45 3066 .
97 2995 203 3082 εἰκὸς,
231 3001 266 3065 έκ
293 3003 354 3065 τοῦ
384 2997 544 3084 δευτέρου
570 3001 669 3064 τοῦτο
699 2998 942 3082 μετενήνεκται·
974 3000 1042 3064 ἐκεῖ
1066 2997 1131 3085 γάρ
1159 2996 1272 3085 ὀρθῶς

98 3100 174 3181 ἔχει.
230 3101 288 3161 Sed
320 3121 358 3162 ne
391 3102 463 3162 haec
496 3102 616 3180 quidem
646 3100 813 3160 emendatio
846 3101 966 3179 probari
997 3112 1097 3181 potest
1130 3113 1271 3182 recteque

97 3198 317 3260 Heldermanno
344 3204 403 3261 iam
431 3201 624 3279 bambergius
651 3203 682 3259 in
710 3197 894 3258 Fleckeiseni
927 3200 1076 3260 annalium
1108 3201 1162 3260 vol.
1187 3199 1271 3273 XCV,

97 3317 127 3376 p.
146 3294 212 3358 403
235 3297 307 3358 illud
331 3301 483 3378 opposuit:
507 3298 598 3358 uerba
622 3314 697 3377 qnae
719 3298 792 3356 sint:
816 3286 853 3367 δς
871 3295 1007 3377 ἔσχατος
1025 3291 1189 3377 ἐδιδάχθη
1210 3289 1269 3357 ὑπ’

97 3385 205 3454 αὐτοῦ
229 3392 366 3481 εἰκοστῷ
392 3395 455 3455 έτει
477 3386 635 3475 ὕστερον,
659 3396 798 3472 coniungi
823 3412 883 3453 non
908 3414 995 3472 posse
1020 3415 1088 3455 cnm
1113 3398 1169 3475 eiS,
1195 3415 1270 3474 quae

97 3495 172 3552 sint:
196 3488 231 3552 ἐκ
253 3490 315 3553 τοῦ
339 3489 377 3553 ἐν
398 3485 547 3575 προτέρῳ
571 3487 743 3571 φέρεσθαι.

190 3591 248 3651 Sed
267 3592 298 3650 in
318 3590 454 3650 codicum
475 3594 621 3669 scriptura
641 3590 779 3668 qnoniam
799 3591 947 3649 neminem
969 3593 1159 3669 acquiescere
1183 3609 1271 3669 posse

98 3706 189 3768 supra
219 3707 265 3748 me
294 3691 366 3748 satis
393 3688 559 3748 ostendisse
585 3687 727 3766 arbitror,
755 3687 922 3767 uideamus,
949 3708 985 3748 an
1015 3689 1177 3771 feliciorem
1201 3707 1270 3748 con·

97 3789 243 3848 lecturam
276 3790 307 3848 in
339 3786 437 3846 lucem
471 3786 606 3864 prolerre
636 3786 794 3863 possimus.
845 3785 883 3845 Et
915 3790 1054 3865 quoniam
1085 3789 1170 3865 prius
1198 3787 1270 3847 illud

97 3885 251 3947 numerale
271 3885 351 3965 quod
371 3892 416 3944 est
435 3877 577 3968 δευτέρῳ
597 3885 627 3942 in
646 3877 795 3964 προτέρῳ
816 3887 924 3943 mutari
942 3903 1001 3944 non
1019 3903 1108 3964 posse
1132 3886 1271 3963 uidimus,
1313 3883 1316 3886 ’

97 3983 178 4044 haud
202 3986 263 4044 scio
288 4002 325 4043 an
348 3986 378 4043 in
403 3981 559 4061 propatulo
584 3983 634 4060 sit,
663 3987 697 4039 ut
725 3979 850 4039 alterum
874 3981 946 4041 illud
970 3983 1121 4043 numerale
1145 4002 1216 4042 num
1240 3985 1270 4041 in

98 4074 265 4161 προτέρου
284 4083 394 4158 corrigi
412 4081 516 4159 possit,
536 4077 768 4138 consideremus.
801 4075 858 4135 Sed
878 4077 950 4137 haec
967 4098 1084 4157 quoqne
1100 4081 1271 4138 coniectura

98 4177 250 4249 reicienda
273 4184 319 4237 est
341 4188 465 4258 propter
489 4195 531 4257 ea,
555 4194 629 4255 quae
652 4176 786 4254 proxime
806 4182 973 4250 sequuntur
992 4174 1097 4234 uerba:
1121 4170 1190 4237 ἐκεῖ
1205 4166 1270 4253 γάρ

99 4265 214 4354 ὀρθῶς
242 4272 316 4354 ἔχει.
365 4274 439 4335 Nam
467 4272 539 4332 illud
568 4269 636 4333 έκεί
663 4277 747 4356 quin,
780 4275 805 4332 si
837 4279 919 4331 recte
952 4271 1211 4346 emendassemus,
1235 4271 1280 4325 ad

96 4374 229 4449 priorem
258 4371 378 4434 Plutum
407 4371 601 4434 referendum
631 4384 729 4457 esset,
757 4373 889 4435 dubium
913 4389 982 4431 non
1007 4375 1074 4426 esu.
1099 4365 1145 4421 ab
1164 4364 1312 4434 nixorum

1060 4459 1103 4511 vait
