2798 4740
625 274 843 337 ..gg-

148 458 206 519 que
236 447 357 499 auctore
388 439 555 515 conscripta
585 438 651 496 sint.
700 434 749 496 Sic
779 438 857 496 enim
881 438 945 495 sine
969 435 1058 495 dubio
1083 435 1256 514 explicanda
1282 444 1329 497 est

147 537 195 597 illa
224 535 380 617 particula:
411 531 460 595 ‘ut
488 553 596 594 uersus
622 529 685 595 115
713 541 836 614 propter
866 524 1062 614 ὀφθαλμίαν
1090 553 1195 594 uocem
1224 536 1329 614 singu-

147 635 249 696 lariter
277 635 403 713 positam
432 651 447 691 a
475 642 562 710 poeta
592 639 789 703 commutatus
819 639 878 713 est,
911 634 953 691 sic
986 631 1034 691 bic
1067 650 1185 710 quoque
1215 651 1329 693 uersus

150 740 273 811 propter
297 732 398 790 nescio
423 747 511 808 quam
535 748 654 789 causam
678 732 708 789 in
732 729 823 789 altera
842 729 922 789 Pluti
946 729 1075 789 editione
1095 731 1329 791 transformatus

148 825 219 891 est'
271 828 365 888 Aliam
397 826 476 887 illius
507 827 670 906 particulae
703 826 761 888 παλ
790 829 972 906 inuestigare
1005 827 1232 906 explicationem
1266 847 1330 889 non

147 931 245 1008 potui3
269 925 373 1006 procul
399 927 487 1005 enim,
510 924 616 1004 procul
640 924 711 985 illud
733 924 926 1005 reiciendum,
950 934 983 985 ut
1006 928 1247 986 coniunctionem
1271 926 1334 987 καί

148 1025 204 1085 hoc
232 1024 296 1084 loco
326 1026 397 1083 item
426 1021 629 1100 explicandam
659 1041 724 1082 esse
752 1030 892 1102 putemus
922 1031 1010 1102 atque
1033 1026 1064 1083 in
1088 1027 1188 1103 priore
1212 1025 1329 1085 scholio

150 1122 273 1182 candem
300 1119 477 1200 particulam
504 1129 573 1198 post
601 1113 654 1180 διό
681 1120 865 1181 collocatam:
894 1113 946 1181 διὸ
972 1113 1027 1181 καὶ
1051 1117 1088 1182 ἐν
1111 1119 1155 1206 τῷ
1180 1115 1329 1202 δευτέρῳ

149 1217 418 1301 μεταπεποίηταιι
443 1218 499 1278 hoc
519 1217 568 1279 uel
591 1221 655 1298 ipse
679 1217 842 1279 uerborum
866 1218 939 1278 ordo
963 1219 1110 1297 prohibet.
1146 1219 1210 1279 Nisi
1234 1222 1330 1298 igitur

150 1319 185 1378 de
214 1317 304 1377 huius
334 1315 497 1394 particulae
527 1316 721 1396 explicatione
750 1316 895 1377 desistere
924 1317 1143 1395 desperareque
1175 1304 1331 1378 nobis'in

151 1419 248 1477 animo
268 1423 322 1490 cst,
346 1414 420 1474 nihil
439 1414 619 1493 relinquitur
643 1416 701 1474 nisi
722 1422 756 1474 ut
775 1414 963 1474 scholiastam
982 1434 1036 1494 per
1055 1404 1120 1474 eam
1138 1415 1174 1475 ad
1194 1417 1332 1495 priorem

151 1515 370 1573 adnotationem
389 1512 518 1572 lectores
536 1511 669 1591 relegare
689 1511 820 1572 uoluisse
839 1523 979 1591 putemus
1004 1522 1034 1573 et
1056 1520 1217 1594 utrumque
1243 1514 1331 1574 scho-

151 1611 222 1671 lium
247 1610 411 1670 abeodem
436 1618 557 1670 auctore
581 1611 748 1688 proiectum
772 1628 838 1670 esse
863 1611 1049 1671 arbitremur.

242 1707 271 1786 ξ.
293 1705 343 1768 10.
373 1707 425 1768 His
448 1709 620 1786 praemissis
644 1708 807 1789 uideamus,
832 1709 901 1787 quid
921 1709 957 1768 de
977 1717 1105 1787 utroque
1126 1708 1240 1770 scholio
1261 1728 1333 1770 cen·

153 1807 279 1867 sendum
302 1809 349 1867 sit.

241 1903 260 1965 l.
295 1903 391 1983 Atque
425 1906 555 1983 primum
582 1905 809 1987 aliquantisper,
844 1905 873 1965 id
902 1906 980 1984 quod
1011 1914 1244 1966 consentaneum
1273 1915 1333 1989 est,

153 2002 241 2062 sidem
257 2004 293 2078 ,ei
316 2001 482 2062 tribuamus
507 2011 537 2062 et
560 2021 764 2082 quaecumque
789 2022 824 2062 co
849 2007 1055 2085 continentur,
1084 2022 1155 2065 uera
1184 2023 1252 2065 esse
1277 2007 1334 2066 iin-

154 2119 269 2180 gamus,
301 2101 378 2180 quod
403 2103 428 2160 si
453 2103 519 2161 iure
544 2102 718 2182 fecerimus,
743 2101 830 2161 nullis
858 2101 1082 2163 difficultatibus
1110 2102 1334 2181 implicahimur

155 2207 182 2258 et
207 2200 305 2258 omnia
329 2217 396 2259 cum
421 2198 558 2259 omnibus
582 2201 750 2258 concinent.
796 2199 829 2259 ln
854 2202 948 2278 prima
977 2202 1068 2279 igitur
1091 2200 1170 2260 Pluti
1198 2201 1333 2263 editione

156 2298 301 2375 scriptum
325 2304 402 2356 erat:
425 2289 548 2376 ταύτης
571 2287 771 2369 ἀπαλλάξειν
791 2311 827 2357 σε
846 2294 904 2376 τῆς
922 2288 1125 2378 ὀφθαλμίας,
1148 2301 1179 2359 in
1199 2301 1335 2360 secunda

155 2403 253 2455 autem
278 2396 342 2454 eius
366 2393 481 2454 tabulae
506 2397 680 2454 recensione
704 2403 790 2472 poeta
813 2394 893 2455 hunc
917 2413 1039 2455 uersum
1067 2399 1110 2456 sic
1138 2396 1332 2458 transforma-

156 2495 213 2573 uit,
241 2499 275 2551 ut
303 2491 461 2552 scriberet:
488 2495 546 2570 τῆς
574 2495 750 2572 συμφορᾶς
776 2484 898 2571 ταύτης
925 2504 962 2553 σε
991 2485 1147 2572 παύσειν,
1174 2480 1214 2574 ἧς
1238 2493 1334 2574 ἔχεις.

156 2589 258 2668 ltaque
279 2589 454 2649 scholiastae
474 2589 693 2649 adnotationem
713 2591 738 2649 si
758 2593 919 2670 sequimur,
939 2609 972 2650 ea
993 2608 1067 2668 quae
1083 2609 1161 2650 nunc
1176 2601 1334 2670 superstes

157 2696 265 2765 exstat,
292 2686 398 2746 Plutus
427 2686 524 2747 fabula
548 2689 614 2747 eius
642 2689 771 2747 nominis
794 2691 876 2766 prior
899 2688 1029 2767 putanda
1053 2695 1112 2768 est,
1136 2690 1277 2766 quoniam
1302 2692 1334 2750 in

158 2804 190 2845 ea
210 2785 318 2863 legitur
337 2803 445 2845 uersus
465 2787 517 2861 qui
540 2792 598 2845 est:
621 2779 742 2864 ταύτης
765 2776 966 2860 ἀπαλλάξειν
989 2797 1027 2846 σε
1049 2789 1107 2864 τῆς
1130 2775 1335 2866 ὀφθαλμίας.

157 2884 194 2942 At
223 2888 287 2942 cani
316 2901 403 2960 quam
431 2901 510 2943 nunc
538 2882 675 2943 manibus
703 2901 857 2943 uersamus
885 2883 1013 2944 labulam
1043 2902 1102 2944 non
1127 2885 1258 2963 priorem
1284 2885 1337 2946 uel

159 2982 254 3041 dicam
279 2999 337 3040 non
361 2999 473 3040 meram
496 2983 627 3060 priorem
651 2981 771 3042 Plutum
791 2999 857 3041 esse
877 2981 925 3041 uel
943 2982 1012 3042 inde
1032 2967 1155 3042 euidens
1174 2991 1228 3062 est,
1251 2983 1336 3062 quod

158 3087 203 3140 tot
231 3097 266 3138 ex
294 3080 511 3157 posterioribus
539 3079 724 3159 temporibus
756 3098 806 3140 res
839 3088 1122 3161 commemorantur,
1155 3099 1228 3159 quas
1261 3081 1338 3143 olim

158 3178 275 3236 futuras
299 3194 373 3256 esse,
398 3195 466 3235 cum
488 3179 571 3256 prior
590 3176 695 3236 Plutus
718 3180 748 3236 in
773 3196 892 3237 scenam
913 3177 1162 3257 committebatur,
1186 3196 1338 3240 nemone

159 3278 189 3335 in
214 3277 325 3335 somnis
350 3275 469 3354 quidem
494 3274 666 3335 somniabat.

249 3371 284 3433 ll.
319 3372 376 3432 Sed
407 3374 531 3433 tortasse
561 3381 692 3433 nostram
715 3373 835 3435 Plutum
864 3362 975 3433 meram
998 3376 1129 3454 priorem
1153 3367 1340 3454 (secundum

160 3465 362 3553 scholiastam)
386 3489 452 3530 esse
476 3489 535 3531 non
559 3471 631 3531 adeo
655 3473 850 3550 premendum
875 3490 997 3550 eamque
1022 3491 1057 3531 ex
1081 3480 1206 3550 utraquc
1230 3490 1341 3533 recen·

161 3572 244 3630 sione
268 3588 283 3629 a
308 3576 394 3648 pocta
420 3569 651 3648 conglutinatam
674 3587 740 3629 esse
764 3570 954 3630 statuendum
978 3577 1036 3650 est,
1060 3572 1100 3629 ita
1123 3578 1157 3630 ut
1180 3588 1258 3651 cum,
1285 3574 1342 3650 qui

161 3686 241 3728 nunc
260 3667 378 3747 legitur,
403 3685 523 3727 uersum
544 3686 579 3727 ex
598 3670 699 3746 priore
718 3667 816 3728 labula
838 3670 869 3728 in
893 3670 1051 3746 utriusque
1075 3669 1341 3730 concinnationem

162 3765 303 3825 traditum
324 3784 389 3825 esse
409 3772 556 3843 putemus.
589 3766 626 3825 At
645 3784 681 3825 ne
700 3767 731 3825 in
751 3765 807 3825 hoc
827 3767 947 3844 quidem
971 3767 1119 3844 retugium
1143 3784 1173 3825 sc
1198 3767 1341 3845 recipere

160 3864 240 3924 licet.
293 3861 464 3923 Certissima
496 3865 574 3921 enim
607 3871 671 3923 tum
704 3881 771 3922 eum
804 3863 943 3925 babuisse
978 3864 1142 3943 putandum
1178 3871 1223 3923 est
1256 3863 1342 3926 Pluti

163 3960 291 4021 tabulam
316 3970 345 4021 et
369 3978 480 4020 meram
503 3963 700 4038 posteriorem
724 3969 812 4020 etex
836 3969 963 4040 utraque
987 3960 1230 4041 conglutinatam3
1259 3962 1341 4023 hanc

162 4061 255 4137 igitur
278 4056 543 4138 interpretabatur,
572 4077 607 4118 ex
634 4057 683 4118 illa
709 4060 843 4139 inspecta
872 4062 1025 4139 cognouit,
1053 4059 1281 4138 Aristophanem
1305 4063 1341 4121 in

163 4159 329 4236 posteriore
354 4156 482 4216 editione
505 4154 564 4236 τῆς·
586 4154 761 4237 συμφορᾶς
779 4158 846 4218 κτλ.
868 4160 1032 4237 scripsisse.
1064 4158 1106 4216 Ac
1124 4159 1259 4237 prolecto
1280 4158 1340 4220 hoc

151 4273 219 4328 par
246 4272 282 4312 sc
312 4254 452 4315 facillimo
486 4256 609 4334 cogitari
638 4263 750 4337 potest;
787 4255 858 4316 illud
890 4259 981 4336 enim,
1019 4255 1096 4333 quod
1131 4252 1209 4336 eam,
1246 4274 1342 4336 quam

137 4348 292 4406 tractabat
318 4351 468 4435 fabulam,
502 4355 522 4416 i.
554 4373 577 4419 e.
611 4354 850 4437 conglutinatam
875 4355 1008 4434 priorem
1037 4354 1244 4411 reccnsioucm
1270 4372 1340 4415 osse
