2798 4740
568 371 617 396 ³-
662 332 703 396 91
750 370 793 380 --

94 499 261 577 posteriore
293 491 415 577 ταύτης
447 489 647 570 ἀπαλλάξειν
679 508 716 556 σε
747 491 806 574 τῆς
836 486 1042 576 dusiolpetram
1075 495 1204 571 alioquin
1237 494 1267 553 in

95 595 235 656 omnibus
264 596 416 656 codicibus
444 614 504 656 non
532 596 580 656 hic
611 613 719 655 uersus
746 593 908 674 legeretur,
939 592 990 653 sed
1014 591 1087 652 alter
1110 591 1159 651 ille
1183 591 1267 651 scho-

94 688 224 754 liastae.'
271 693 329 753 Sed
354 713 407 773 ego
432 713 490 754 non
515 696 676 774 perspicio,
700 691 770 772 quid
795 710 849 751 nos
872 691 927 752 hac
951 693 1121 752 coniectura
1145 688 1268 768 probata

94 793 294 871 proficiamus.
341 793 413 853 Nam
446 795 470 852 si
498 791 694 852 Fritzschium
723 792 817 850 secuti
846 808 986 850 numeros
1019 791 1098 849 inter
1129 807 1159 847 se
1189 806 1267 848 com·

95 899 254 970 mutamus
274 909 381 964 norme,
401 909 468 950 cnm
488 889 544 950 hoc
560 891 725 970 statuimus,
744 895 835 948 totam
855 887 1030 948 scholiastae
1049 887 1267 946 adnotationem

95 988 187 1048 uilem
216 1007 249 1048 ac
277 1008 315 1048 ne
343 988 450 1049 tantilli
478 988 597 1067 quidem
625 989 715 1066 pretii
743 1005 808 1045 esse
840 981 1039 1046 confitemur?
1088 982 1125 1044 Et
1152 986 1183 1043 in
1211 982 1267 1043 hoc

95 1086 287 1146 fundamento
321 1085 393 1145 adeo
426 1084 541 1145 labante
575 1084 695 1144 audebit
727 1085 883 1161 quisquam
917 1084 1150 1161 fragmentorum
1184 1082 1268 1159 qnasi

95 1182 261 1243 aedificium
286 1175 349 1263 (uel
372 1201 426 1261 per
449 1200 480 1241 se
504 1176 667 1263 incertum)
692 1177 869 1241 exstruere?

187 1279 244 1340 Sed
274 1282 360 1340 etiam
390 1282 415 1339 si
442 1280 515 1339 haec
544 1298 592 1338 res
621 1280 745 1338 minoris
773 1280 916 1340 momenti
943 1297 1010 1339 esse
1038 1279 1136 1357 putari
1160 1285 1269 1356 posset,

96 1378 244 1438 undenam
263 1385 326 1437 tum
347 1376 534 1436 scholiastam
554 1378 752 1454 cognitionem
772 1377 881 1453 prioris
895 1375 976 1436 Pluti
994 1374 1109 1435 fabulae
1129 1375 1267 1453 adeptum

96 1494 164 1535 esse
193 1471 425 1534 arbitrabimur?
467 1472 580 1553 lpsisne
605 1473 683 1533 Pluti
711 1473 825 1533 duabus
852 1473 1077 1534 recensionibns
1105 1469 1269 1551 inspectis?

96 1574 134 1633 At
158 1571 305 1651 quomodo
330 1580 392 1632 tum
416 1572 535 1653 accidit,
564 1580 597 1631 ut
620 1573 750 1649 priorem
777 1570 904 1631 fabulam
932 1572 1143 1650 posteriorem,
1171 1577 1267 1648 poste-

100 1675 210 1732 riorem
234 1673 363 1750 priorem
389 1666 577 1729 nominaret?
622 1670 666 1728 An
691 1688 725 1728 ex
750 1664 903 1748 ‘antiquo'
927 1664 1139 1747 grammatico?
1183 1668 1221 1728 dt
1244 1670 1270 1727 si

97 1773 122 1830 is
138 1779 293 1847 utramque
309 1767 437 1828 fabulam
456 1770 519 1846 ipse
539 1769 676 1848 inspexit,
696 1786 750 1827 cnr
769 1769 794 1827 is
814 1785 954 1827 numeros
977 1769 1055 1826 inter
1074 1784 1106 1825 se
1121 1761 1269 1824 mutauit?

98 1876 149 1928 aut
172 1869 196 1926 si
220 1884 280 1926 nou
304 1868 443 1947 mutauit,
473 1884 527 1925 cur
554 1864 603 1924 hic
630 1864 785 1926 scholiasta
809 1862 965 1926 conludii?
1011 1864 1063 1924 Sin
1087 1872 1186 1924 autem
1210 1882 1269 1923 non

97 1968 155 2045 ipsi
178 1966 251 2025 diras
275 1963 354 2024 Pluti
377 1962 523 2023 editiones
547 1962 688 2022 euoluere
712 1963 809 2044 licuit,
833 1963 911 2023 unde
936 1971 1000 2023 tum
1023 1965 1048 2022 is
1072 1981 1125 2022 sua
1148 1958 1269 2022 hausit?

188 2062 276 2122 Vides
299 2064 357 2122 iam
381 2063 469 2121 etiam
493 2063 519 2120 si
539 2059 692 2121 Fritzschii
716 2065 916 2122 coniecturam
941 2063 1037 2141 primo
1061 2060 1181 2139 quidem
1204 2077 1268 2137 spe·

99 2163 209 2221 ciosam
243 2161 417 2240 accipimus,
453 2177 641 2237 quocumque
678 2169 708 2219 tc
746 2162 890 2235 necteris,
926 2159 1115 2220 difficultates
1152 2158 1269 2219 obstare

98 2261 248 2338 maximas,
267 2256 375 2335 quibus
394 2276 431 2317 ne
452 2256 625 2316 scholiastae
645 2259 852 2318 auctoritatem
866 2259 946 2317 omni
960 2257 1136 2319 dubitationi
1151 2275 1269 2335 exemp·

98 2364 158 2417 tam
182 2355 382 2434 uindicemus,
410 2355 589 2433 impedimur
612 2364 642 2415 et
665 2357 754 2415 etiam
777 2355 912 2416 nolentes
936 2375 970 2417 eo
999 2358 1146 2436 cogimur,
1175 2363 1208 2415 ut
1231 2354 1270 2434 id,

100 2453 180 2531 quod
206 2455 263 2513 iam
291 2452 407 2531 pridem
436 2452 694 2512 demonstraturus
723 2471 802 2534 snm,
830 2471 927 2532 neque
957 2453 1144 2513 scholiastam
1172 2455 1269 2532 ipsum

104 2569 201 2629 neque
224 2553 286 2611 cius
311 2559 462 2610 auctorem
486 2550 559 2610 duas
582 2550 662 2610 Pluti
686 2551 829 2612 editiones
853 2551 964 2611 uidisse
988 2551 1060 2610 adeo
1088 2570 1145 2610 non
1175 2551 1270 2610 relelli

100 2646 193 2707 libere
215 2649 422 2728 profiteamur,
445 2656 479 2708 ut
502 2657 605 2708 contra
629 2650 867 2710 manifestissime
892 2650 1093 2709 confirmetur.

188 2744 220 2806 V.
250 2746 288 2806 Et
311 2747 449 2824 quoniam
475 2764 554 2806 nunc
577 2747 657 2808 nullo
681 2747 768 2807 modo
794 2742 896 2828 (unam
920 2749 999 2807 enim
1018 2746 1098 2806 illam
1116 2749 1270 2826 rationem,

100 2861 175 2922 quae
204 2850 323 2921 praeter
350 2843 404 2904 has
427 2845 588 2921 excogitari
611 2853 722 2923 potest,
751 2854 784 2906 ut
807 2845 890 2907 illum
914 2847 1023 2925 prioris
1047 2844 1124 2905 Plnti
1148 2863 1269 2905 uersum

97 2944 131 3002 in
154 2943 286 3020 margine
311 2943 421 3003 codicis
445 2944 518 3021 eius,
542 2961 600 3020 quo
624 2942 764 3005 utebatur
788 2945 953 3024 scholiasta,
977 2944 1159 3021 adscriptum
1178 2944 1270 3003 fuisse

98 3042 140 3099 ita
167 3047 320 3119 putemus,
348 3046 382 3099 ut
410 3041 488 3101 unde
517 3040 691 3120 desumptus
717 3053 768 3102 aut
791 3041 982 3121 quamobrem
1007 3043 1159 3120 appositus
1183 3048 1271 3126 esset,

98 3139 292 3217 reticeretur,
323 3137 399 3196 hanc
430 3138 479 3197 uel
511 3157 571 3198 uno
603 3138 697 3199 uerbo
730 3142 888 3220 attingere,
922 3139 1031 3200 nedum
1059 3140 1191 3198 refutare
1223 3157 1270 3197 me

100 3227 221 3316 pudet):
250 3238 388 3312 quoniam
416 3238 508 3314 igitur
537 3235 616 3296 nullo
645 3238 731 3297 modo
760 3239 934 3299 scholiastae
957 3233 1177 3298 adnotationem
1203 3255 1270 3297 cnm

100 3339 270 3392 ceterorum
294 3332 474 3393 scholiorum
498 3335 671 3395 condicione
696 3354 861 3415 congruere
885 3355 981 3417 neque
1008 3335 1160 3396 conciliari
1182 3352 1270 3414 posse

100 3431 309 3510 cognorimus,
339 3449 419 3490 nuno
447 3434 549 3510 paucis
577 3434 783 3512 exponendum
812 3441 870 3514 cst,
899 3435 1039 3513 quidnam
1062 3433 1133 3493 huie
1157 3432 1270 3492 scholio

100 3525 268 3586 laciendum
288 3530 335 3587 sit.
372 3526 467 3606 Atque
491 3529 547 3589 hoc
571 3547 607 3589 ex
630 3532 682 3610 eis,
706 3549 781 3610 quae
805 3533 937 3612 exposui,
961 3531 1084 3591 euidens
1108 3549 1174 3591 esse
1198 3529 1271 3589 mihi

100 3623 221 3684 uidetur
253 3643 350 3704 neque
384 3628 518 3705 quisquis
553 3645 710 3687 causarum
744 3631 952 3708 rationumque
991 3647 1080 3708 supra
1117 3628 1270 3688 allatarum

100 3724 274 3799 grauitatem
304 3727 489 3802 reputauerit
516 3743 550 3786 ac
578 3729 765 3807 pernonerit,
797 3726 933 3787 dubitare
961 3730 1018 3787 iam
1047 3729 1169 3807 poterit,
1199 3728 1270 3805 quin

101 3819 276 3880 scholiastae
305 3840 411 3881 uersus
440 3841 475 3881 ex
503 3824 768 3901 interpretamento
797 3825 948 3903 paullatim
976 3827 1120 3903 originem
1144 3824 1271 3905 duxerit,

100 3920 200 3996 itaque
215 3937 269 3997 pro
285 3921 387 3997 spurio
402 3918 556 3979 habendus
571 3927 601 4004 et
618 3939 653 3980 ex
672 3924 781 4000 prioris
795 3921 873 3981 Pluti
893 3921 1125 3999 fragmentorum
1145 3940 1270 3982 numero

101 4015 293 4093 expellendus
313 4018 359 4076 sit.
398 4016 551 4087 Quomodo
571 4025 670 4078 autem
693 4019 860 4099 quibusque
885 4018 1098 4079 mutationibus
1121 4039 1155 4079 ex
1180 4022 1270 4080 inter-

100 4120 286 4192 pretamento
306 4116 406 4174 nescio
431 4133 489 4192 quo
513 4133 621 4176 uersus
644 4116 693 4176 ille
717 4117 890 4178 scholiastae
915 4118 1052 4198 euaserit,
1075 4118 1105 4177 id
1129 4125 1162 4177 ut
1185 4137 1269 4179 accu-

98 4212 195 4271 ratius
222 4230 366 4291 exponam
395 4213 551 4291 causisque
580 4214 765 4293 confirmem,
793 4233 879 4274 nemo
903 4214 1008 4275 harum
1032 4233 1133 4275 rernm
1156 4218 1271 4294 peritus

99 4306 270 4386 postulabit.
316 4308 390 4369 lllud
413 4317 528 4369 tantum
553 4328 606 4389 pro
631 4320 713 4371 certo
737 4311 840 4372 haberi
863 4314 991 4392 poterit,
1011 4312 1206 4372 scholiastam
1221 4314 1279 4368 'dis

99 4425 189 4465 uersu
217 4401 296 4486 (siue
324 4409 382 4467 iam
412 4417 475 4472 tum
503 4411 659 4492 perlectus
682 4429 797 4473 uersus
820 4420 889 4471 erat
911 4409 982 4469 siue
1005 4405 1172 4482 anixcatxo
1192 4414 1313 4454 nessus
