2798 4740
103 1242 107 1247 ’
185 1242 278 1312 Quam
313 1243 443 1320 antiquis
475 1239 659 1318 temporibus
697 1240 828 1298 omnium
862 1238 1065 1316 Aristophanis
1102 1237 1266 1298 fabularum

98 1344 225 1401 maxime
246 1340 393 1419 placuisse
412 1339 538 1416 ideoque
558 1338 737 1397 creberrime
753 1336 912 1396 lectitatam
927 1354 992 1396 esse
1008 1336 1126 1396 Plutum
1142 1335 1268 1395 fabulam

95 1447 213 1500 constat
232 1432 300 1498 cum
325 1457 361 1497 111
386 1439 492 1515 ecqui
515 1436 584 1495 olim
608 1436 678 1495 huic
702 1434 870 1494 comoediae
894 1437 924 1493 in
945 1434 1108 1494 fabularum
1133 1435 1267 1494 editioni-

95 1537 153 1596 bus
183 1555 345 1596 ooncessus
373 1536 430 1595 luit
457 1537 551 1614 primo
576 1534 640 1593 1010
674 1527 725 1615 (cl.
751 1532 927 1613 Schneider,
956 1533 992 1592 de
1016 1533 1195 1593 scholiorum
1220 1533 1269 1591 Ar.

96 1627 246 1716 lontibus)
271 1642 333 1694 tum
353 1633 435 1712 inde,
455 1632 531 1711 quod
558 1631 667 1691 nullius
691 1632 858 1692 comoediae
883 1632 1113 1710 Aristophanoae
1135 1640 1270 1690 ueterum

96 1739 365 1797 commentatorum
389 1731 528 1791 uberiora
552 1749 639 1808 quam
663 1732 693 1789 in
717 1730 793 1790 hano
817 1738 933 1790 exstant
957 1730 1081 1790 scholia:
1112 1748 1145 1788 ea
1170 1738 1270 1789 nostra

96 1839 192 1889 aetate
220 1848 308 1908 quam
334 1832 419 1907 parui
447 1829 608 1888 existimari
642 1828 745 1908 soleat,
778 1838 837 1886 tam
869 1828 1111 1887 clarissimorum·
1136 1830 1268 1887 uirorum

97 1927 209 1986 indicio
237 1937 308 1988 sunt
336 1929 514 2005 sententiae,
543 1944 616 2004 quas
646 1925 784 1987 collectas
812 1926 902 1986 hahes
937 1929 968 1985 in
998 1925 1028 1985 C.
1053 1925 1083 1984 F.
1109 1924 1269 1984 Hermanni

97 2023 197 2083 libello
226 2043 261 2084 eo
285 2028 336 2104 qni
363 2026 526 2102 inscriptus
557 2033 602 2084 est
626 2020 674 2084 ‘de
698 2023 903 2102 Aristophanis
926 2023 1012 2083 Pluto
1036 2018 1157 2102 priore’,
1182 2040 1269 2100 quam

100 2122 180 2198 ([1101
207 2122 406 2183 Roetscherus
435 2126 465 2182 in
495 2123 570 2182 libro
599 2123 648 2182 illo
680 2125 751 2181 satis
781 2121 877 2199 amplo
911 2140 998 2200 quem
1027 2123 1193 2198 composuit
1222 2116 1270 2178 ‘de

100 2219 295 2297 Aristophane
315 2223 439 2298 eiusque
455 2216 561 2280 aetate’
581 2221 660 2280 Plnti
680 2219 794 2279 lahulae
810 2238 846 2278 ne
863 2221 1042 2278 mentionem
1058 2218 1177 2297 quidem
1192 2218 1271 2277 fecit.

190 2316 232 2376 Ab
261 2317 316 2378 hac
344 2318 522 2379 iudiciorum
551 2320 706 2397 iniquitate
731 2318 895 2397 proiectus,
927 2336 1014 2396 quam
1043 2336 1109 2376 cum
1134 2326 1270 2376 ueterum

100 2416 337 2475 existimatorum
362 2416 446 2476 laude
476 2436 534 2476 non
559 2435 724 2493 congruere
748 2415 879 2496 uidebat,
910 2417 1079 2475 nouissimis
1103 2416 1175 2475 adeo
1199 2424 1270 2474 tem·

97 2512 223 2590 poribus
251 2512 391 2572 Aemilius
420 2513 568 2573 Brentano
598 2509 881 2593 (Untcrsuchungen
910 2513 984 2573 iiber
1008 2514 1059 2573 das
1087 2512 1272 2591 griechische

99 2609 207 2668 Drama
237 2628 265 2687 p.
292 2604 482 2692 109-142)
511 2611 601 2671 huius
629 2611 852 2671 maleuolentiae
882 2629 987 2670 causae
1018 2610 1094 2669 unde
1128 2609 1272 2688 petendae

99 2717 211 2787 essent,
234 2710 416 2785 inuestigare
440 2708 568 2787 indeque
593 2708 719 2787 probare
744 2720 866 2770 conatus
886 2719 940 2789 est,
964 2726 1051 2786 quam
1072 2725 1125 2766 nos
1147 2708 1272 2784 legimus

95 2788 220 2865 ‘Plutum
245 2808 446 2886 superstitem,
470 2824 532 2865 eam
557 2809 651 2884 ipsius
677 2808 882 2886 Aristophanis
906 2806 1031 2867 fabulam
1056 2807 1120 2865 eius
1145 2807 1272 2864 nominis

100 2920 167 2961 esse
198 2921 252 2963 nec
281 2905 412 2980 priorem
442 2923 496 2963 neo
524 2906 729 2984 posteriorem,
757 2905 808 2964 sed
837 2925 851 2964 a
876 2907 1065 2982 grammatico
1090 2905 1272 2981 nescioquo

100 2998 262 3078 Byzantino
295 3003 480 3079 ineptissimo
516 3021 551 3060 ex
586 3009 710 3080 utraque
745 3005 928 3080 ineptissime
966 3001 1167 3080 perturbatam
1204 3019 1272 3059 con·

100 3099 343 3176 glutinatamqne.
394 3097 474 3157 ldem
508 3101 596 3158 etiam
632 3097 767 3158 Nubibus
799 3101 912 3161 Auibus
942 3099 1044 3180 Vespis
1080 3109 1168 3178 atque
1201 3100 1272 3159 adeo

100 3199 209 3255 ceteris
229 3195 365 3260 omnibus
390 3195 496 3256 fabulis
515 3195 738 3274 Aristophaneis
762 3198 914 3278 accidisse,
938 3207 971 3258 111
995 3206 1040 3257 est
1067 3197 1272 3276 eloquentissi-

101 3311 167 3353 mus
187 3293 236 3353 hic
260 3296 307 3353 uir
331 3293 449 3374 doctae,
474 3293 663 3353 blandissime
688 3293 891 3355 demonstrare
916 3295 1038 3355 studuit.

191 3390 271 3460 Quae
300 3393 399 3470 opinio
428 3409 606 3469 quamquam
634 3410 648 3449 a
680 3392 761 3452 nullo
789 3393 824 3452 ad
860 3394 888 3453 id
919 3402 1036 3472 tempus
1072 3393 1149 3471 qnod
1183 3395 1274 3453 sciam

99 3488 232 3568 probata,
259 3496 357 3548 tamen
386 3491 555 3567 impugnata
584 3493 676 3567 magis
705 3501 750 3550 est
780 3510 867 3568 quam
896 3491 1030 3552 refutata.
1082 3491 1154 3551 Nam
1183 3501 1216 3551 ut
1243 3495 1273 3551 in

100 3585 250 3645 annalium
287 3604 405 3664 eorum,
439 3586 549 3664 quibus
584 3605 692 3647 nomen
726 3597 771 3647 est
804 3585 1029 3647 ‘Literarisohes
1062 3585 1275 3667 Centralblatt',

100 3685 252 3745 uolumine
277 3687 346 3743 anni
374 3682 457 3745 1812
485 3704 512 3763 p.
537 3683 601 3746 388
631 3704 667 3744 ne
693 3686 780 3763 digna
805 3687 924 3764 quidem
948 3685 1020 3744 haec
1043 3689 1188 3747 sententia
1209 3707 1273 3746 esse

102 3782 222 3862 dicitur,
242 3801 330 3860 qnam
351 3785 418 3860 quis
437 3783 561 3843 refutet:
585 3785 624 3842 ita
644 3801 681 3842 ne
701 3781 768 3843 Chr.
789 3783 907 3842 lllultius
927 3782 1044 3861 quidem
1064 3785 1094 3842 in
1115 3778 1275 3843 ‘indicibus

101 3874 300 3958 philologicis'
325 3897 469 3938 annorum
498 3877 581 3940 1872
606 3877 751 3960 111813,
776 3883 910 3960 quamuis
935 3881 1128 3940 uehementer
1152 3900 1275 3942 cumea

101 3976 246 4055 luctatus,
275 3986 365 4037 totam
394 3995 456 4035 eam
481 3985 673 4054 prosternere
702 3981 807 4056 potuit.
853 3977 912 4037 Nec
942 3979 1074 4056 prolecto
1099 3981 1182 4058 prius
1206 3999 1275 4058 pro-

102 4085 256 4135 sternetur
285 4092 373 4152 quam
402 4083 452 4134 aut
481 4075 648 4134 Aristotelis
678 4076 714 4135 de
742 4075 891 4154 tragoedia
915 4086 1073 4155 praecepta
1103 4095 1162 4135 non
1187 4080 1274 4138 etiam

102 4172 137 4231 ad
163 4172 344 4232 comoediam
370 4173 527 4232 transferri
548 4191 635 4251 posse
655 4175 836 4252 argumentis
855 4173 1011 4251 probatum
1031 4182 1081 4233 aut
1099 4173 1275 4253 Byzantinos

103 4269 216 4330 fabulas
237 4269 441 4348 conglutinare
459 4279 617 4348 propterea
636 4289 695 4330 non
715 4273 847 4348 potuisse
862 4271 1105 4330 demonstratum
1115 4273 1192 4346 em,
1203 4273 1291 4341 nese

103 4387 189 4426 unam
211 4377 324 4429 tantum
345 4369 531 4432 comoediam
551 4370 590 4433 de
609 4370 718 4434 eadem
735 4389 771 4432 re
791 4371 1003 4447 conscriptam
1012 4365 1220 4422 hamonem.
1242 4355 1322 4407 ‘bos
