2798 4740
564 269 784 333 ..87-

510 564 515 573 η
591 484 682 556 Pars
710 485 754 560 ΙΙ.

375 648 422 716 lte
450 646 542 717 Plnti
570 646 764 736 deperditae
791 649 963 719 memoria.

176 807 316 867 Absoluta
334 811 418 884 parte
438 804 624 864 antecedenti
644 805 824 883 scholiorum
844 809 1095 886 peruestigatione
1110 810 1258 889 quoniam,

80 907 222 983 quamuis
237 904 294 964 alte
309 906 339 963 in
359 903 564 980 antiquitatem
583 901 835 984 descenderimus,
854 913 953 965 tamen
973 908 1152 984 quicumque
1172 905 1258 965 nobis

82 1003 167 1064 obuii
192 1004 261 1062 facti
284 1011 354 1062 sunt
377 1001 566 1080 interpretes,
590 1018 641 1060 eos
666 1019 769 1061 omnes
792 1004 923 1080 priorem
945 1001 1000 1062 sibi
1020 1002 1139 1062 Plutum
1159 1002 1257 1081 legere

80 1103 166 1161 uisos
186 1119 252 1160 esse
277 1098 500 1160 euidentissime
524 1101 660 1176 apparuit
683 1117 780 1178 neque
806 1118 983 1179 quemquam
1007 1108 1144 1160 ueterum
1168 1104 1258 1161 inter-

79 1207 201 1278 pretum
227 1195 512 1273 scholiastarumque
537 1195 609 1255 duas
633 1196 713 1256 Pluti
736 1196 882 1257 editiones
906 1199 1017 1258 uidisse
1044 1197 1147 1258 eluxit:
1179 1216 1258 1258 nunc

80 1296 248 1356 secundum
278 1312 341 1353 eam
373 1311 459 1371 quam
488 1295 630 1371 proposui
659 1293 882 1372 dispositionem
912 1303 1085 1375 argumenta
1114 1316 1146 1356 ea
1171 1297 1257 1356 refel-

80 1394 168 1454 lenda
198 1400 281 1472 sunt,
310 1409 384 1470 quae
413 1390 448 1449 ad
473 1393 649 1450 sententiam
680 1409 775 1451 meam
806 1393 841 1453 de
866 1393 952 1455 Pluto
979 1395 1080 1473 priore
1104 1395 1257 1473 deperdita

81 1490 293 1552 debilitandam
320 1489 449 1568 proferri
477 1496 602 1566 possunt
632 1489 800 1568 quibusque
824 1491 903 1572 ,duas
932 1493 1018 1551 etiam
1043 1501 1110 1570 post
1133 1492 1258 1552 Alexan-

80 1588 236 1649 drinorum
257 1595 389 1665 tempora
410 1586 558 1645 exstitisse
574 1585 677 1647 Plutos
696 1587 901 1650 demonstrare
921 1591 1021 1649 nescio
1041 1592 1107 1667 quis
1123 1598 1256 1650 conetur.

173 1684 370 1745 Continentur
395 1691 493 1742 autem
517 1682 565 1743 illa
589 1694 761 1763 argumenta
784 1689 913 1766 primum
938 1688 1110 1766 fragmentis
1132 1687 1256 1766 duobus,

80 1802 158 1862 quae
179 1802 214 1842 ex
234 1781 353 1841 scholiis
372 1781 407 1839 ad
428 1780 502 1840 Plut.
522 1800 571 1841 riu.
588 1778 652 1842 115
671 1791 700 1842 et
717 1780 779 1844 119
800 1784 957 1861 adscriptis
975 1792 1128 1864 petuntur,
1148 1785 1255 1845 deinde

81 1879 217 1960 reliquiis
246 1882 302 1960 eis,
335 1897 409 1957 quae
439 1897 474 1938 ex
502 1878 566 1938 aliis
595 1880 790 1958 scriptoribus
823 1881 858 1940 ad
891 1883 1088 1959 cognitionem
1123 1889 1254 1941 nostram

80 1984 295 2057 peruenerunt.

571 2110 687 2188 Caput
709 2112 763 2172 HI.

185 2251 244 2316 De
268 2249 524 2330 fragmentis
549 2249 663 2329 apud
673 2250 937 2315 ,scholiastes
961 2251 1152 2316 seruatis

172 2397 201 2473 ξ.
220 2394 251 2458 9.
281 2397 377 2473 Atque
395 2396 525 2473 primum
544 2393 581 2453 de
605 2394 777 2473 fragmentis
801 2398 852 2476 eis,
877 2414 952 2474 quae
977 2413 1012 2454 ex
1036 2395 1157 2456 scholiis
1176 2395 1252 2457 Plut.

83 2513 134 2555 uir.
160 2491 222 2555 115
245 2501 275 2553 et
302 2489 362 2553 119
386 2500 573 2570 promuntur,
597 2491 811 2570 explanandum
835 2501 888 2553 est.
935 2492 977 2550 De
1002 2493 1110 2570 quibus
1134 2493 1254 2554 scholiis

83 2600 118 2653 ut
145 2594 254 2652 rectius
283 2591 432 2651 iudicetur
460 2591 661 2669 iudiciumque
686 2597 822 2649 nostrum
846 2597 928 2650 certo
953 2589 1080 2668 quodam
1104 2610 1163 2651 non
1188 2593 1253 2653 dieo

81 2689 287 2769 fundamento,
318 2689 368 2748 sed
396 2687 528 2748 subsidio
552 2690 677 2767 nitatur,
705 2689 907 2747 necessarium
935 2705 1000 2747 esse
1030 2687 1102 2748 mihi
1126 2690 1254 2772 uidetur,

79 2788 179 2847 statim
209 2784 245 2845 ab
273 2787 358 2845 initio
388 2793 547 2862 utrumque
576 2784 720 2846 scholium
750 2784 785 2845 ab
813 2785 917 2846 eodem
941 2791 1062 2844 auctore
1086 2787 1253 2864 profectum

80 2902 148 2944 esse
178 2885 280 2962 paucis
308 2884 525 2963 demonstrare,
558 2901 625 2943 cum
654 2882 709 2942 hoc
738 2882 837 2963 modo,
869 2881 921 2942 ubi
949 2890 1104 2960 utramque
1134 2885 1253 2945 adnota-

79 2985 193 3042 tionem
218 2980 253 3041 ab
277 2981 379 3041 eodem
405 2979 560 3040 scholiasta
584 2982 782 3059 conscriptam
806 2999 871 3055 esse
895 2979 1143 3061 intellexerimus,
1167 3000 1252 3060 argu-

80 3081 190 3140 mentis
219 3081 275 3159 eis,
304 3077 412 3158 quibus
440 3077 496 3136 hoc
524 3078 722 3156 fragmentum
749 3078 785 3138 de
814 3078 911 3138 medio
942 3076 1045 3137 tollere
1070 3077 1253 3154 conabimur,

79 3176 196 3237 sublato
220 3176 269 3235 illo
294 3177 447 3253 grauitatis
471 3180 661 3253 augmentum
686 3185 774 3254 atque
793 3176 933 3254 ponderis
953 3173 1030 3235 haud
1052 3175 1252 3253 spernendum

79 3282 240 3335 accrescat.
292 3272 402 3332 Scribit
429 3281 527 3332 autem
555 3273 711 3333 scholiasta
744 3273 780 3332 ad
813 3271 1019 3350 explicandum
1047 3271 1253 3349 Aristophanis

78 3390 204 3432 uersum
238 3367 301 3430 115
337 3372 388 3448 qui
420 3377 477 3430 est:
511 3364 582 3430 ‘aul
616 3361 706 3449 οἶμαι
738 3362 860 3449 ταύτης
886 3361 1094 3442 ’ἀπαλλάξειν
1128 3381 1164 3429 σε
1196 3367 1254 3449 τῆς

79 3462 291 3549 ὀφθαλμίας’
315 3467 400 3528 haec:
424 3459 499 3528 ἀντὶ
518 3465 578 3529 τοῦ
596 3465 654 3547 τῆς
672 3460 864 3549 πηρώσεως·
886 3465 980 3540 ἰδίως
1000 3459 1036 3527 δὲ
1057 3458 1252 3546 ὀφθαλμίαν

77 3560 142 3646 τὴν
174 3559 327 3646 πήρωσιν
359 3563 426 3626 τῶν
459 3556 647 3647 ὀφθαλμῶν
677 3579 772 3646 φησι·
804 3557 857 3626 διὸ
886 3558 941 3626 καὶ
970 3561 1005 3626 ἐν
1033 3561 1078 3649 τῷ
1108 3560 1251 3648 δευτέρῳ

78 3663 335 3745 μεταπεποίηται
367 3659 441 3742 (τῆς
472 3661 646 3744 συμφορᾶς
675 3657 796 3744 ταύτης
824 3678 861 3725 σε
889 3650 1046 3741 τταύσὲιν,
1075 3646 1115 3741 ἧς
1144 3657 1252 3756 ἒχεις’.

80 3763 222 3823 Scholion
250 3779 323 3821 uero
349 3760 384 3820 ad
409 3758 526 3822 uall9
555 3765 721 3842 appositum
750 3764 801 3840 qui
830 3771 888 3822 est:
922 3751 955 3822 ‘b
986 3752 1070 3832 Ζεὺς
1098 3754 1159 3840 μὲν
1187 3755 1250 3820 οὐν

79 3850 147 3921 oto'
174 3850 233 3936 ὡς,
261 3849 301 3918 τὰ
328 3850 457 3918 τούτων
486 3850 569 3939 μῶρ’
597 3854 645 3939 ἔμ’
672 3856 702 3919 εἰ
727 3860 732 3934 l
759 3850 896 3921 πύθοιτ’
922 3848 965 3919 ἂν
989 3852 1184 3939 inarctetur&
1209 3860 1251 3917 sic

80 3964 260 4034 conceptum
284 3963 342 4016 est:
367 3975 384 4016 ο
414 3947 498 4028 Ζεὺς
520 3947 583 4033 μὲν
606 3939 668 4015 οὖν
693 3948 789 4031 εἰδὼς
810 3949 850 4019 τὰ
873 3949 1015 4018 τούτωνε
1037 3947 1077 4016 τὰ
1101 3952 1169 4016 τῶν
1193 3945 1250 4013 ἀν-

78 4046 229 4135 θρώπων
244 4045 350 4114 πάντα
365 4046 471 4131 εἰδώς,
487 4044 555 4113 ἐπεὶ
570 4042 671 4112 οὐδὲν
687 4043 790 4114 αὐτὸν
802 4045 980 4114 λανθάνει·
996 4048 1250 4132 μετατεττοίηται

80 4146 118 4214 δὲ
142 4147 327 4212 καὶτοῦτο
352 4147 388 4212 ἐν
411 4147 455 4235 τῷ
481 4143 633 4233 δευτέρῳ.
679 4149 757 4210 Haec
786 4150 895 4211 scholia
920 4151 1056 4229 quisquis
1079 4147 1250 4228 perlegerit,

79 4270 118 4312 ue
143 4251 297 4327 minimum
320 4249 440 4328 quidem
458 4260 582 4328 propter
600 4245 658 4306 καί
677 4246 851 4325 particulam
874 4249 904 4306 in
929 4246 1022 4308 altero
1047 4244 1158 4305 scholio
1181 4253 1252 4323 post

80 4347 208 4409 uerbum
227 4344 481 4425 μετατεττοίηται
501 4346 643 4407 adiectam
663 4343 818 4425 dubitabit,
841 4344 913 4423 quin
932 4361 965 4404 ea
990 4343 1026 4405 ab
1050 4362 1109 4404 uno
1133 4343 1249 4404 eodem·
