2798 4740
581 341 799 405 -75..-

99 504 203 562 uimus
227 503 336 564 scholia
361 501 808 584 ou.972‚1146‚173‚179.
850 503 991 582 Didymus
1015 506 1106 582 igitur
1130 503 1165 562 ab
1189 501 1274 583 Apol·

100 600 184 659 ionio
207 600 413 679 Aristophanis
437 621 559 662 uersum
583 604 625 661 sic
650 602 826 680 explicatum
850 604 979 681 inuenit,
1008 608 1041 662 ut
1064 601 1275 681 Thrasybulus,

74 699 277 758 *notissimus
309 697 357 758 ille
392 703 503 777 patriae
537 699 682 760 libertatis
715 700 837 779 uindex,
877 699 965 759 Stiria
1004 698 1089 759 demo
1122 699 1275 779 oriundae,
1339 719 1344 730 ’

99 787 261 865 Dionysius
286 787 500 865 Syracusarum
526 796 666 867 tyrannus
690 788 906 866 intellegendus
931 807 995 847 esse
1020 789 1179 848 diceretur.
1217 787 1274 848 Sed

100 885 242 962 quoniam
261 885 318 945 hoc
342 904 357 945 a
382 889 491 964 prioris
509 885 587 946 Pluti
611 895 754 966 tempore,
779 904 866 964 quam
891 888 954 964 ipse
979 905 1096 964 quoque
1122 904 1153 945 se
1178 885 1276 963 legere

99 982 313 1061 arbitraretur,
346 983 506 1044 abhorrere
541 983 673 1064 uidebat,
711 985 882 1062 Dionysium
912 991 943 1042 et
971 983 1188 1061 Thrasybulum
1217 1001 1275 1042 non

100 1082 277 1140 notissimos
301 1081 366 1141 illos
390 1084 472 1141 uiros
496 1081 709 1159 intellegendos
733 1099 798 1140 csse
823 1081 988 1160 adnotabit,
1016 1082 1068 1140 sed
1092 1080 1164 1140 31133
1188 1099 1274 1159 quos·

100 1179 171 1238 darn
194 1177 329 1237 homines
353 1182 553 1257 cognomines.
600 1179 767 1248 Quaerebat
790 1181 894 1259 igitur,
923 1196 1066 1256 quosnam
1090 1180 1276 1256 potissimum

99 1282 189 1355 poeta
223 1277 389 1352 significare
423 1276 582 1356 uoluisset,
616 1276 686 1354 quid
720 1284 817 1336 autem
851 1278 1006 1354 quaerenti
1039 1275 1155 1335 iacilius
1186 1278 1213 1335 ei
1245 1279 1275 1335 in

100 1379 234 1433 mentem
258 1376 362 1433 uenire
382 1382 499 1452 poterat
519 1392 605 1451 quam
626 1382 659 1433 ut
678 1392 729 1432 eos
748 1375 855 1434 iratres
875 1381 979 1434 natura
999 1376 1177 1452 ingenioque
1196 1376 1277 1434 inter

101 1488 136 1530 se
165 1469 322 1530 dissimiles
351 1489 416 1530 esse
445 1468 587 1548 putaret?
632 1471 732 1550 ltaque
757 1471 929 1549 Dionysium
957 1472 1079 1531 iratrem
1109 1490 1174 1531 esse
1203 1471 1277 1532 dixit

101 1567 332 1628 dissimillimum
366 1567 542 1648 Thrasybuli
577 1569 760 1648 Collytensis
815 1564 888 1627 ‘Sed
918 1587 1043 1646 quanam
1073 1587 1105 1629 re
1137 1572 1216 1629 inter
1244 1588 1275 1628 se

102 1663 263 1724 dissimiles
282 1662 426 1725 luerunt?
458 1664 521 1725 Hoc
536 1667 658 1747 Didymo
678 1686 776 1726 nonne
796 1665 1010 1745 explanandum
1031 1654 1131 1727 erat?'
1167 1667 1274 1727 Certis·

26 1760 34 1765 ’
102 1764 191 1842 sime,
215 1762 386 1841 explanasse
410 1781 529 1841 qnoque
552 1785 619 1825 eum
645 1764 754 1824 dehac
774 1783 806 1824 re
826 1764 963 1824 arbitror.
1002 1759 1276 1826 ‘intercideruntne

101 1862 208 1940 igitur,
239 1878 313 1937 quae
344 1857 516 1938 exposuiti'
568 1863 718 1942 Fortasse,
749 1862 801 1921 sed
830 1880 863 1921 ex
897 1865 954 1942 313,
978 1881 1052 1940 quae
1081 1862 1180 1941 paullo
1208 1870 1275 1923 ante

103 1958 141 2017 de
173 1956 357 2036 Thrasybulo
391 1957 551 2037 Collytensi
583 1959 723 2039 disserui,
761 1960 810 2020 uel
846 1963 910 2038 ipse
944 1978 990 2019 me
1027 1959 1112 2020 aliter
1144 1961 1276 2020 iudicare

103 2055 317 2136 suspicaberis3
342 2075 375 2116 ac
398 2065 478 2117 recte
504 2059 631 2136 quidem.
669 2057 731 2117 Mea
756 2061 834 2117 enim
859 2060 1005 2118 sententia
1029 2076 1071 2138 ea,
1096 2075 1169 2135 quae
1189 2057 1276 2136 Didy-

103 2172 172 2214 mus
191 2153 227 2213 de
247 2153 425 2233 Thrasybuli
445 2154 635 2234 Dionysiique
655 2154 893 2216 dissimilitudine
914 2154 1132 2235 explanauerat,
1156 2154 1276 2214 scholiis

103 2253 193 2332 primi
216 2254 334 2329 generis
354 2255 554 2333 continentur,
578 2270 653 2331 quae
672 2251 759 2310 modo
779 2252 813 2311 ad
834 2251 1051 2330 Thrasybulum
1071 2251 1276 2331 Collytensem,

103 2367 164 2409 non
189 2347 362 2410 Stiriensem
391 2351 546 2411 referenda
575 2368 641 2410 esse
669 2351 791 2409 conieci.
837 2347 931 2419 Quam
961 2348 996 2408 ad
1025 2351 1202 2409 sententiam
1226 2350 1275 2409 de-

104 2445 280 2507 fendendam
305 2447 419 2508 duabus
443 2450 630 2527 potissimum
654 2446 914 2508 obseruationibus
938 2446 1087 2528 impellor,
1115 2465 1189 2525 quas
1213 2465 1275 2506 sae·

104 2547 227 2624 pissime
255 2548 425 2606 confirmari
454 2547 523 2607 uidi.
570 2545 728 2606 Abducunt
757 2546 836 2604 enim
864 2552 939 2605 teste
963 2544 1000 2604 M.
1025 2544 1188 2604 Schmidtio
1213 2546 1274 2604 iere

105 2659 209 2702 omnes
233 2662 283 2704 eae
308 2643 519 2723 explicationes
539 2643 573 2702 ad
593 2642 749 2722 Didymum
773 2651 933 2721 auctorem,
958 2641 1067 2721 quibus
1091 2651 1141 2701 aut
1165 2642 1275 2701 similes

103 2738 229 2800 aliorum
249 2750 404 2819 poetarum
423 2742 504 2802 locos
524 2744 672 2820 inspicere
691 2741 829 2801 iubemur
853 2749 904 2801 aut
928 2759 970 2820 ea,
994 2757 1069 2819 quae
1093 2739 1128 2799 ad
1153 2758 1275 2800 uersum

103 2835 311 2914 explicandum
335 2840 512 2919 alieruntur,
541 2841 711 2899 coniectura
737 2847 852 2900 tantum
876 2841 997 2899 inuenta
1021 2857 1086 2898 esse
1111 2857 1275 2900 monemur.

102 2934 269 3013 Vtrumque
288 2944 387 2995 autem
406 2935 462 2996 hoc
482 2955 571 3015 quiem
590 2945 750 2997 tractamus
769 2937 834 2997 loco
858 2938 923 2997 ireri
946 2936 1072 3017 uidebis,
1096 2939 1121 2995 si
1145 2939 1275 2997 animum

101 3032 268 3098 attenderis
287 3034 322 3093 ad
343 3034 517 3112 particulam
537 3029 669 3115 μήποτε,
688 3035 716 3119 h.
737 3054 761 3095 e.
782 3035 907 3095 iortasse
928 3034 973 3094 bis
992 3037 1143 3116 insertam,
1164 3034 1198 3093 ad
1219 3035 1276 3094 Po·

100 3130 189 3210 lyzeli
213 3149 319 3191 uersus
343 3129 453 3213 allatos,
477 3134 511 3192 ad
536 3133 751 3194 dubitationem
774 3133 811 3195 de
835 3134 974 3212 Dionysio
998 3132 1131 3208 relictam
1155 3122 1188 3214 (ὁ
1214 3126 1275 3211 μέν

100 3247 154 3300 τις
180 3259 217 3269 -
244 3228 414 3308 φαίνεται,
439 3220 456 3291 ὁ
481 3223 534 3308 δὲ,
558 3221 603 3302 ὡς
626 3224 757 3311 ἔοικεν).

194 3322 274 3393 Quae
303 3343 370 3385 cum
398 3328 535 3407 1133131,
561 3325 638 3386 haud
663 3346 855 3407 magnopere,
884 3327 987 3408 credo,
1015 3326 1179 3388 uerendum
1203 3324 1276 3385 mihi

100 3429 164 3504 est,
197 3441 234 3482 ne
266 3424 296 3483 in
331 3424 468 3484 audaciae
501 3425 607 3484 iamam
640 3428 804 3507 incurram,
837 3428 862 3486 si
891 3427 1010 3486 scholiis
1039 3428 1130 3504 primi
1158 3427 1275 3504 generis
1316 3447 1318 3450 ·

99 3529 219 3600 partem
234 3520 392 3600 Didymeae
412 3523 617 3600 explicationis
637 3526 783 3583 contineri
802 3525 983 3585 contendero
1002 3526 1068 3584 ueri
1087 3524 1181 3583 simile
1201 3541 1275 3583 esse.

102 3617 165 3677 Sed
193 3618 249 3678 hoc
279 3626 347 3680 utut
371 3627 429 3700 est,
460 3620 495 3680 de
519 3620 575 3680 hac
598 3640 632 3681 re
656 3624 712 3681 iam
737 3621 809 3681 nihil
832 3621 1025 3683 dubitationis
1049 3621 1185 3681 relictum
1209 3639 1275 3680 esse

43 3752 46 3757 ·
100 3716 243 3797 arbitror,
264 3718 336 3795 qrain
350 3717 492 3797 Didymus
512 3718 550 3778 ob
570 3738 633 3778 eam
654 3719 744 3779 solam
764 3737 882 3779 causam
902 3721 1177 3798 interpretationem
1196 3716 1275 3778 illam

101 3823 166 3890 tam
189 3813 360 3874 dissimilem
384 3819 582 3898 proposuerit,
607 3818 685 3895 quod
708 3818 838 3896 priorem
858 3817 937 3877 Pluti
960 3817 1119 3877 editionem
1140 3816 1275 3877 manibus

100 3921 204 3974 terere
227 3912 285 3972 sibi
308 3915 391 3973 uisus
416 3916 462 3974 sit.

196 4009 225 4087 ξ.
245 4006 274 4071 5.
310 4011 349 4071 Et
376 4014 515 4090 quoniam
542 4031 621 4072 nrrnc
650 4033 686 4074 ex
710 4032 761 4074 sex
786 4013 1010 4075 scholiastarum
1030 4014 1275 4094 explicationibus

102 4108 214 4188 partim
238 4111 412 4188 certissime,
436 4111 544 4188 partim
568 4113 633 4169 ueri
657 4111 803 4171 simillime
828 4129 881 4171 eos
904 4113 1036 4190 priorem
1056 4111 1176 4173 Plutum
1201 4120 1275 4173 trac·

102 4213 170 4266 tare
193 4205 252 4265 sibi
275 4207 356 4265 uisos
376 4224 442 4265 esse
461 4198 641 4287 collegimus,
665 4211 723 4267 iarn
742 4210 778 4269 ad
797 4226 861 4269 eam
880 4208 1083 4270 difficultatem
1103 4209 1276 4269 soluendam

102 4303 290 4385 accedamus,
327 4322 401 4382 qraae
439 4323 518 4364 nunc
555 4305 659 4366 oborta
696 4313 751 4367 est.
805 4305 905 4386 Supra
933 4307 1017 4365 enirn
1042 4314 1231 4382 usstspaxn,
1258 4310 1294 4358 sx

101 4418 300 4478 sequeremur
322 4400 513 4464 didascaliam
538 4406 569 4466 in
595 4413 778 4488 argumento
804 4413 916 4488 uirarto
935 4409 1111 4474 seruatam,
1121 4399 1327 4466 amnesamnes
