2798 4740
564 307 784 370 ..93-

175 469 194 530 l.
226 470 379 533 Neminem
403 473 434 531 in
454 488 487 530 ea
508 469 669 548 quidquam
688 472 754 530 ueri
772 469 926 550 bonaeque
946 471 1143 532 adnotationis
1163 473 1258 533 simile

83 569 183 626 inesse
213 570 352 628 statuisse
382 569 468 629 uideo
497 574 616 646 praeter
644 585 736 627 unum
765 567 957 629 Franciscum
980 569 1143 650 binorum,
1173 573 1258 631 cuius

83 667 179 743 ipsius
208 665 298 726 uerba
327 665 484 726 breuitatis
512 684 599 725 causa
623 683 776 743 apponam.
822 667 900 727 Dicit
924 669 1002 727 enim
1026 687 1053 746 p.
1078 664 1121 728 55
1137 687 1180 747 sq.
1210 667 1259 728 hic

86 765 133 822 uir
152 763 257 823 doctus
277 762 365 823 haec:
388 758 488 822 ‘Falsa
509 772 554 823 est
574 762 747 823 scholiastae
767 764 936 844 explicati03
961 767 986 823 si
1007 764 1132 843 legimus
1151 757 1258 843 aldeis,

84 861 142 920 hoc
179 880 246 921 cum
283 851 419 921 πύθοιτ’
455 880 542 921 unam
579 861 697 921 allicere
731 864 882 922 notionem
915 862 1105 922 statuendum
1138 873 1196 923 est:
1234 865 1259 922 si

83 957 218 1036 luppiter
245 958 353 1017 horum
382 957 472 1018 stulta
500 957 622 1018 consilia
649 961 834 1037 perspiciens
862 962 1050 1041 cognouerit,
1079 979 1126 1019 me
1150 963 1259 1020 coutri-

84 1058 172 1115 uerit.
219 1055 276 1114 Sed
308 1074 340 1115 ea
370 1057 516 1115 sententia
547 1066 576 1114 et
604 1056 766 1117 uerborum
796 1057 1041 1118 collocationum
1064 1077 1168 1136 parurn
1193 1077 1260 1137 pro-

83 1152 206 1212 baretur
238 1155 295 1230 ipsi
327 1161 445 1231 poetae,
484 1155 592 1231 prioris
625 1172 732 1214 uersus
765 1163 879 1234 partem
913 1157 944 1215 in
975 1155 1061 1216 Pluto
1094 1157 1259 1235 posteriore

87 1251 264 1310 emendauit.
302 1251 339 1310 At
363 1247 533 1327 quomodo?
570 1249 602 1308 lu
627 1250 808 1311 Brunchiani
831 1253 943 1313 codicis
967 1256 1099 1332 margine
1123 1253 1259 1332 libroque

83 1348 254 1408 Rauennate
278 1368 332 1427 pro
358 1344 453 1420 εἰδώς
478 1347 586 1424 legitur
606 1339 672 1408 οἷδ’
695 1339 750 1427 ὥς,
775 1369 849 1428 quae
872 1353 1018 1429 scriptura
1038 1370 1093 1430 pro
1113 1353 1259 1410 sententia

86 1444 213 1507 obscura
246 1448 415 1524 suppeditat
448 1444 563 1505 facilem
596 1457 625 1506 et
660 1445 799 1527 lucidam,
831 1466 884 1525 pro
917 1448 1078 1508 uerborum
1108 1457 1258 1507 structura

83 1545 220 1603 intricata
249 1544 512 1622 expeditissimam:
541 1562 599 1621 qua
628 1544 664 1603 de
693 1563 780 1604 causa
810 1548 1008 1606 certissimum
1033 1545 1104 1605 mihi
1139 1545 1259 1605 uidetur

85 1640 164 1699 illam
189 1641 426 1702 emendationem
450 1641 485 1700 ah
509 1643 573 1720 ipso
597 1652 682 1719 poeta
705 1644 735 1701 in
756 1644 885 1702 secunda
905 1644 984 1704 Pluti
1003 1644 1131 1703 editione
1151 1645 1257 1703 lactam

85 1734 176 1798 essc'
222 1740 259 1799 At
289 1740 359 1799 mihi
387 1726 620 1799 incertissimum
650 1740 778 1799 uidetur.
824 1740 928 1800 Paucis
959 1750 1073 1801 tantum
1102 1744 1166 1801 eius
1191 1759 1256 1800 sen·

84 1837 207 1894 tentiam
221 1837 371 1895 infirmare
387 1835 522 1896 studebo.
546 1834 678 1896 Primum
694 1856 757 1896 eam
774 1836 1007 1918 explicationem,
1023 1857 1111 1917 quam
1125 1838 1258 1899 Ritterus

84 1936 240 2011 proposuit
264 1934 426 1994 uerborum
454 1925 552 2005 εἰδὼς
579 1932 609 1993 el
635 1926 797 2011 πύθοιτο,
827 1937 946 1994 omnino
975 1936 1076 1996 salsam
1105 1940 1257 1996 nominare

84 2049 143 2090 uon
163 2031 280 2112 dubit03
300 2051 366 2091 nam
388 2050 506 2110 quoquo
526 2040 555 2091 te
576 2035 714 2112 ueneris,
734 2049 852 2110 semper
869 2024 1090 2112 ταύτολογίαν
1111 2036 1257 2113 quandam

84 2129 221 2210 habebis3
245 2129 333 2189 talem
358 2141 456 2190 autem
479 2120 710 2208 ταύτολογίαν,
735 2129 829 2206 qualis
853 2129 925 2190 haec
952 2141 1005 2211 est,
1029 2132 1257 2211 Aristophanem

85 2245 224 2305 umquam
239 2226 392 2287 admisisse
408 2228 547 2287 arbitrari
566 2223 656 2287 ‘tanti
670 2221 799 2306 poetae',
823 2237 856 2288 ut
876 2247 944 2287 cum
959 2228 1124 2290 Fritzschio
1145 2231 1257 2311 loquar,

85 2318 227 2402 ‘persona
250 2325 488 2404 indignissimum
513 2320 595 2385 esse'
618 2326 769 2404 profiteor.
816 2325 927 2385 Deinde
952 2326 1023 2386 illud
1049 2329 1169 2407 quidem
1192 2330 1258 2387 lieri

83 2425 216 2499 potuisse
237 2441 297 2482 non
316 2443 401 2504 nego,
420 2433 453 2483 ut
472 2427 529 2483 iam
549 2426 579 2483 in
600 2426 729 2503 antiquis
749 2421 902 2483 codicibus
922 2413 989 2483 οἶδ’
1012 2415 1055 2497 ὡς
1075 2429 1104 2485 in
1125 2430 1257 2506 margine

85 2518 246 2600 legeretur,
280 2522 332 2580 sed
360 2523 585 2600 Aristophanem
619 2524 659 2580 ita
687 2523 843 2598 scripsisse
872 2539 939 2580 cum
968 2521 1143 2602 Rambergio
1172 2543 1257 2606 nego,

86 2618 138 2693 qui
161 2617 191 2675 in
214 2617 397 2680 Fleckeiseni
421 2619 575 2680 annalibus
598 2618 678 2678 illam
702 2618 821 2696 quidem
845 2617 1025 2679 locutionem
1051 2612 1116 2681 οἷδ’
1143 2614 1193 2682 ὅτι
1217 2625 1258 2682 ita

84 2715 165 2772 inter
184 2726 282 2775 cetera
301 2716 393 2775 uerba
412 2719 570 2796 interponi,
590 2733 735 2794 nusquam
756 2724 853 2774 autem
874 2706 939 2775 οἷδ’
957 2706 1002 2788 ὡς
1020 2719 1060 2777 ita
1080 2729 1256 2797 usurpatum

83 2830 150 2871 esse
174 2812 255 2873 dixit.
300 2814 403 2893 Neque
427 2833 527 2874 errare
551 2815 623 2874 mihi
648 2814 760 2894 uideor,
784 2815 809 2871 si
833 2815 1010 2892 scripturam
1036 2806 1102 2875 οἷδ’
1129 2807 1257 2888 oignon

82 2913 182 2969 minus
213 2912 413 2972 coniecturam
442 2931 508 2972 esse
535 2913 720 2991 grammatici
747 2912 848 2970 nescio
878 2912 964 2971 cuius
993 2913 1139 2972 contendo
1169 2932 1256 2991 quam

83 3006 241 3067 Fritzschii
265 3012 469 3070 mutationem:

242 3112 259 3182 ὁ
285 3115 369 3195 Ζεὺς
392 3117 453 3204 μὲν
478 3109 552 3202 οὖν,
576 3110 597 3203 ἦ
622 3115 652 3183 d’
675 3114 722 3201 ὅς,
745 3115 785 3183 τὰ
808 3116 937 3185 τούτων
960 3115 1044 3205 μῶρ’
1067 3113 1109 3184 do
1133 3122 1164 3184 al

239 3212 375 3281 πύθοιτ’
402 3213 451 3301 ἔμ’
478 3217 665 3302 ἐπιτρίψειε.

175 3342 209 3403 ΙΙ.
244 3345 323 3405 Alias
347 3348 423 3426 uias,
451 3347 503 3406 sed
526 3349 605 3405 iuter
629 3365 660 3405 se
685 3346 795 3406 similes
819 3347 946 3424 ingressi
970 3353 1040 3405 sunt
1063 3344 1256 3408 'lhierschius

83 3449 115 3500 et
138 3440 384 3523 Heldcrmannus,
408 3462 535 3521 quorum
558 3443 606 3503 ille
631 3442 714 3504 dicit:
739 3439 859 3503 ‘Melius
883 3453 964 3504 certe
989 3443 1053 3523 tuit,
1077 3445 1103 3502 si
1124 3444 1256 3524 dixisset,

83 3539 231 3616 quomodo
260 3548 391 3600 mutatus
420 3550 511 3621 esset3
545 3541 623 3619 quod
652 3560 743 3620 quum
772 3545 936 3622 omitteret,
964 3560 1085 3624 uereor,
1114 3563 1151 3602 ne
1180 3562 1256 3603 uana
1317 3543 1319 3546 ⁴

82 3639 239 3698 iactauerit
262 3634 405 3719 somnia';
428 3639 477 3698 hic
500 3658 573 3699 uero
596 3629 670 3698 haec
693 3638 785 3698 uerba
810 3640 892 3699 lacit:
921 3635 1015 3710 ‘Quid
1040 3648 1183 3701 mutatum
1209 3643 1256 3720 sit,

82 3752 143 3794 non
163 3735 287 3816 addidit;
311 3739 456 3816 suspicari
474 3737 542 3797 licet
561 3754 655 3814 acque
675 3744 763 3815 atque
783 3740 813 3796 in
833 3740 987 3815 superiore
1009 3757 1099 3798 uersu
1119 3739 1255 3798 lectionis

83 3833 259 3892 uarietatem
273 3833 345 3892 nihil
360 3835 452 3893 luisse
468 3837 524 3893 nisi
538 3836 723 3912 grammatici
737 3834 870 3912 alicuius,
889 3837 940 3911 qui
958 3834 1050 3893 uerba
1065 3853 1124 3894 non
1140 3835 1254 3895 intelle·

82 3937 168 4006 geret
190 3926 470 4009 interpolationem?

173 4027 221 4088 lll.
244 4027 315 4088 Mihi
329 4029 450 4106 quidem
465 4027 496 4090 C.
511 4029 541 4088 F.
556 4023 749 4110 Hermanni¹)
773 4021 855 4112 (Ges.
870 4028 943 4089 Abh.
958 4048 986 4107 p.
1001 4025 1060 4109 45)
1076 4033 1254 4092 sententiam

159 4148 184 4212 1)
202 4147 357 4200 Hermonni
371 4147 458 4201 uerba
472 4150 538 4201 sunt
551 4147 633 4200 haec:
656 4146 737 4200 ‘Dass
757 4145 802 4200 die
817 4143 969 4215 Kormptel
987 4146 1093 4213 aliisi,
1111 4147 1186 4216 zeigt
1205 4149 1255 4204 das

84 4225 230 4293 Scholion3
255 4243 285 4281 so
308 4227 374 4280 dass
398 4245 464 4282 man
485 4226 560 4281 wohl
583 4225 634 4280 auf
654 4225 708 4280 den
732 4225 885 4280 (iedanlxen
907 4226 1039 4281 lxommen
1062 4227 1181 4296 bitume,
1206 4229 1256 4283 der

83 4305 227 4361 Scholiast
249 4306 321 4361 hebo
343 4306 435 4362 bloesa
460 4307 613 4361 Verianten
637 4305 682 4359 fiir
703 4305 789 4359 Reste
811 4303 860 4358 der
888 4304 1042 4375 doppelten
1064 4305 1255 4378 Bearheitung
1322 4365 1325 4369 ,

80 4387 274 4460 genommen.'
