2798 4740
603 304 861 368 ¹-86-

168 470 327 547 posuisset,
351 468 420 546 qnid
446 469 537 527 luisse
562 467 668 547 crediS,
693 467 771 545 quod
796 469 888 526 ceteri
912 485 975 526 eam
1000 485 1035 525 eo
1062 467 1241 527 collocarent
1264 465 1343 546 loco,

166 583 224 643 quo
244 582 303 623 non
323 562 446 626 debuit?

255 661 389 722 Perfecta
413 681 493 723 nunc
513 663 694 723 scholiorum
714 660 970 741 contemplatione,
994 680 1030 721 ex
1050 680 1106 741 qua
1126 662 1264 740 quamuis
1284 659 1344 720 alte

165 764 195 822 in
225 763 344 839 antiqua
373 771 505 840 tempora
535 761 790 842 descenderimus,
818 768 915 820 tamen
940 762 1120 838 quicumque
1148 758 1234 819 nobis
1258 758 1345 819 obuii

169 861 239 920 lacti
264 867 332 920 sunt
357 861 537 936 interpretes
557 877 660 919 omnes
684 861 815 938 priorem
834 857 891 918 sibi
909 857 1028 918 Plutum
1051 857 1150 936 legere
1171 859 1254 917 uisos
1275 875 1344 918 esse

167 958 400 1019 luculentissime
429 959 579 1037 apparuit,
606 956 635 1015 id
670 956 748 1034 qnod
779 973 868 1033 supra
897 955 982 1014 nobis
1010 972 1277 1034 proposueramuS,
1310 961 1347 1014 ut

167 1057 315 1114 neminem
331 1061 468 1113 ueterum
487 1056 685 1132 interpretum
704 1053 988 1132 scholiastarumque
1009 1053 1081 1112 duas
1100 1052 1178 1112 Pluti
1194 1052 1347 1112 editiones

169 1152 278 1212 uidisse
303 1151 586 1232 demonstraremus,
609 1151 638 1210 id
663 1153 720 1211 iam
744 1151 882 1210 ellectum
906 1158 959 1210 est.
1005 1150 1076 1210 Nam
1101 1149 1250 1230 quemad
1276 1167 1346 1210 sen·

168 1252 290 1309 tentiam
307 1248 387 1308 lalsis
403 1248 687 1310 scholiastarum
702 1245 891 1326 opinionibus
906 1250 1033 1326 repertis
1049 1248 1208 1326 confugere
1223 1247 1347 1328 licebat,

167 1355 321 1407 uteorum
347 1345 383 1405 de
408 1345 487 1406 Pluti
510 1346 640 1406 editione
664 1363 798 1406 errorem
822 1353 872 1404 aut
896 1364 1000 1405 eorum
1024 1345 1225 1424 indiligentiae
1251 1346 1348 1405 notis·

169 1447 259 1504 simae
279 1451 330 1504 aut
349 1442 493 1503 librorum
508 1446 643 1504 inscitiae
664 1442 873 1522 tribueremus
892 1443 1015 1502 eandem
1030 1443 1065 1502 ad
1080 1444 1347 1522 grammaticorum

168 1542 442 1618 Alexandrinorum,
469 1540 709 1600 doctissimorum
733 1542 824 1600 totius
848 1542 1031 1618 antiquitatis
1055 1543 1198 1620 uirorum,
1222 1558 1348 1600 errores

168 1639 365 1719 explicandos,
381 1656 507 1716 quonam
523 1639 610 1698 modo
626 1639 690 1699 lieri
703 1640 864 1719 potuerint,
880 1656 1041 1717 propagare
1060 1656 1119 1697 non
1134 1639 1191 1697 iam
1206 1636 1288 1699 licet.
1315 1637 1348 1698 Si

168 1737 199 1796 hi
214 1739 271 1796 uiri
283 1735 469 1797 celeberrimi
483 1738 514 1794 in
529 1744 588 1796 tam
603 1755 776 1815 peruersam
787 1737 956 1814 opinionem
967 1736 1145 1816 inciderunt,
1161 1735 1360 1815 exhacdiilifl

169 1835 278 1895 cultata
294 1842 323 1894 te
334 1833 474 1913 expedire
489 1852 548 1893 non
559 1837 681 1915 poteris,
696 1836 753 1894 nisi
767 1833 806 1915 id,
820 1834 898 1911 quod
909 1832 1094 1912 probandum
1106 1841 1177 1914 erat,
1192 1836 1349 1915 statueris,

170 1933 318 1990 neminem
333 1938 470 1989 ueterum
491 1931 689 2008 interpretum
708 1949 848 2010 umquam
868 1931 941 1991 duas
961 1931 1038 1991 Pluti
1057 1931 1201 1991 editiones
1222 1931 1348 1992 uidisse.

260 2027 289 2104 ἓ.
310 2025 338 2089 8.
368 2027 425 2086 Sed
445 2045 483 2086 ne
498 2017 570 2107 'quis
584 2027 638 2087 hac
659 2028 909 2088 demonstratione
925 2031 1072 2088 neminem
1092 2027 1148 2088 sibi
1163 2027 1349 2106 persuadere

170 2129 236 2206 cogi
260 2127 346 2206 dicat,
375 2128 433 2185 iam
461 2127 674 2205 antiquissimis
703 2122 888 2203 temporibus
909 2124 1028 2186 Plutum
1051 2128 1181 2204 priorem
1206 2127 1361 2185 amissam

170 2225 271 2303 tuisse,
293 2224 364 2284 hnic
388 2225 637 2302 argumentationi
660 2223 714 2282 alia
738 2221 914 2300 subiungam
934 2225 1109 2286 testimonia.

260 2321 422 2382 Scholiasta
452 2321 487 2380 ad
516 2339 639 2381 uersum
669 2318 754 2381 1146
784 2322 835 2398 qui
857 2320 930 2380 haec
961 2320 1054 2381 uerba
1077 2323 1211 2400 scripsit:
1243 2319 1351 2384 τοῦτο

171 2405 234 2480 ούυ
259 2413 367 2479 ἔοικέ
387 2437 445 2490 τις
472 2412 507 2478 ἐκ
534 2414 596 2478 τού
619 2412 778 2498 δευτέρου
801 2411 961 2478 Πλούτου
984 2411 1188 2497 μετενεγκὼν
1220 2413 1352 2480 ἐνθάδε

172 2508 376 2595 ὀλιγωρῆσαι
399 2512 458 2594 τῆς
477 2507 615 2594 ἀλογίας
637 2507 771 2593 ταύτης,
795 2516 820 2574 si
844 2514 917 2574 duas
936 2513 1037 2575 Plutos
1061 2514 1222 2597 habuisset,
1247 2535 1353 2578 nonne

172 2615 337 2673 certissime
371 2612 507 2672 dixisset:
539 2609 638 2672 τοῦτο
667 2606 703 2672 ἐκ
730 2607 792 2672 τοῦ
819 2604 854 2689 β’
883 2605 1042 2672 Πλούτου
1069 2605 1354 2692 μετενήνεκται

173 2710 220 2770 uel
249 2712 349 2789 potins
377 2708 451 2769 nihil
480 2706 625 2770 dixisset?
665 2709 739 2769 ltem
768 2708 925 2768 scholiasta
949 2729 976 2769 u.
1003 2707 1074 2790 173,
1103 2711 1163 2790 qui,
1185 2719 1355 2790 postquam

174 2807 399 2886 explicationem
419 2806 547 2885 sibiipsi
567 2826 624 2866 non
645 2807 825 2867 arridentem
845 2809 1032 2888 excogitauit,
1052 2810 1095 2868 sic
1115 2809 1214 2869 dicere
1235 2814 1354 2890 pergit:

173 2903 202 2965 εἰ
230 2897 288 2984 μὴ,
322 2894 417 2985 ὅπερ
451 2896 569 2984 εἰκὸς,
601 2900 637 2964 ἐκ
663 2902 724 2966 τοῦ
753 2898 912 2983 δευτέρου
939 2896 1098 2966 Πλούτου
1128 2903 1229 2967 τοῦτο
1261 2928 1354 2988 μετε-

173 2993 340 3080 νήνεκται,
364 3020 463 3061 nonne
487 3001 535 3060 hic
560 3019 688 3082 quoque,
712 3005 736 3062 si
761 3003 834 3062 duas
853 3000 955 3061 Plutos
978 3001 1137 3084 habuisset,
1161 3004 1260 3066 multo
1281 3025 1355 3068 con·

175 3099 314 3159 fidentius
332 3098 451 3158 locutus
470 3105 549 3157 esset
568 3098 615 3158 uel
635 3101 734 3176 potius
754 3095 917 3159 tacuisset?
940 3099 1012 3158 Nam
1032 3103 1056 3159 si
1077 3103 1207 3179 priorem
1227 3102 1356 3166 Plutum

174 3200 323 3275 inspicere
352 3199 379 3256 ei
407 3194 554 3276 licuisset,
583 3214 681 3255 nonne
705 3195 901 3256 intellexisset
931 3199 962 3256 in
986 3216 1019 3257 ea
1042 3197 1099 3257 tale
1124 3200 1193 3278 quid
1219 3220 1283 3262 non
1308 3205 1355 3264 in·

175 3314 240 3355 esse
260 3293 297 3354 ob
318 3312 442 3372 eamque
458 3311 576 3353 causam
596 3294 680 3353 aliter
700 3292 929 3373 explicautssett
952 3294 1044 3354 Porro
1059 3297 1208 3375 interpres
1228 3317 1261 3362 u.
1278 3295 1356 3382 179,

126 3461 128 3466 ,
174 3395 200 3452 si
222 3394 353 3470 priorem
377 3390 495 3452 Plutum
524 3392 653 3472 adiisset,
682 3410 778 3470 aqua
802 3392 848 3452 hic
873 3411 980 3453 uersus
1003 3390 1117 3472 aberat,
1150 3412 1253 3457 nonne
1278 3398 1357 3459 nihil

175 3510 240 3550 esse
270 3490 326 3549 sibi
349 3490 561 3570 persuasisset,
589 3508 643 3549 cur
668 3489 703 3548 de
726 3488 823 3549 Laidis
847 3498 942 3549 aetate
966 3489 1061 3568 deque
1085 3489 1242 3554 Philonide
1266 3495 1357 3558 dubi·

176 3588 296 3649 tandum
321 3584 421 3648 esset?
453 3586 553 3665 Ipsum
574 3587 760 3647 scholiastam
784 3607 890 3648 uersus
910 3585 975 3650 385
999 3591 1135 3650 uisurum
1159 3590 1254 3653 fuisse
1275 3593 1356 3678 dico,

174 3684 369 3765 Pamphilum,
394 3704 461 3745 oum
485 3687 515 3744 in
540 3684 630 3746 altera
655 3685 740 3746 Pluto
763 3685 949 3765 irrideretur,
973 3704 1043 3746 sane
1068 3706 1101 3746 ea
1127 3696 1223 3749 aetate
1248 3684 1357 3776 luisse,

176 3790 209 3842 ut
229 3782 264 3842 ab
284 3782 479 3861 Aristophane
500 3785 726 3843 commemorari
744 3791 845 3861 posset
864 3802 960 3861 neque
981 3803 1047 3845 eum
1071 3785 1144 3845 haec
1164 3789 1355 3868 scripturum

177 3881 269 3941 luisse
294 3880 454 3940 contendo:
483 3874 519 3940 ἐν
542 3875 656 3960 μέντοι
678 3887 750 3952 ταῖς
774 3878 1015 3954 Διδασκαλίατς
1038 3875 1102 3964 πρὸ
1125 3876 1259 3947 τούτων
1284 3885 1356 3951 τῶν

176 3969 309 4058 χρύυωυ
342 3969 522 4057 Πάμφιλος
560 3968 671 4049 οὐδεὶς
703 3974 836 4059 φέρεται
868 3973 1034 4062 τρυγικός’
1055 3981 1104 4041 uel
1131 3982 1226 4063 haec:
1264 3976 1282 4048 ἱ
1318 3979 1356 4048 δὲ

177 4067 367 4155 Πάμφιλος,
393 4066 437 4148 ὡς
460 4075 555 4155 ἔοικε,
577 4068 632 4133 καὶ
655 4068 816 4156 υεούτερος
837 4062 879 4156 ἦν
901 4070 1172 4158 Ἀριστοφάνους.

266 4172 347 4243 Quae
376 4191 443 4233 cum
467 4175 507 4232 ita
531 4174 599 4254 sint,
628 4191 703 4251 quae
730 4176 788 4234 iam
811 4175 880 4247 dixi,
907 4184 1043 4254 repetere
1067 4195 1127 4236 non
1151 4196 1278 4241 uereor:
1301 4199 1354 4242 ne-

177 4274 286 4331 minem
307 4280 445 4331 ueterum
464 4272 662 4348 interpretum
683 4290 822 4350 umquam
841 4273 913 4333 duas
933 4272 1011 4333 Pluti
1031 4273 1185 4356 editiones,
1210 4276 1265 4338 scd
1288 4296 1355 4340 eam

177 4377 291 4428 tantum
315 4369 440 4449 uidisse,
464 4387 539 4446 quae
564 4368 599 4428 ad
623 4377 755 4429 nostram
779 4374 950 4431 memoriam
973 4373 1088 4431 mansit
1191 4379 1192 4383 ’
