2798 4740
568 280 787 372 -ιν-γ

95 443 282 505 scholiastam
305 443 362 502 hoc
386 450 501 503 tautum
525 445 669 521 scriptum
699 442 836 502 uidemus
863 451 943 504 ante
972 444 1037 504 hoc
1065 451 1211 521 tempus
1239 442 1270 501 in

96 540 263 600 didascaliis
287 539 400 600 nullum
425 543 650 600 commemorari
673 548 789 620 poetam
815 544 971 620 tragicum:
1000 537 1036 602 ἐν
1061 535 1176 621 μέντοι
1199 546 1271 612 ταῖς

96 635 324 709 διδασκαλίαις
342 629 414 717 πρὸ
434 629 586 698 τούτων
604 635 681 698 τῶν
705 632 859 719 χρόνων
878 631 989 712 οὐδεὶς
1009 633 1144 719 φέρεται
1159 656 1271 718 τραγι-

94 729 160 808 κός.
199 735 274 795 Sane
299 737 446 795 incertum
470 745 523 816 est,
547 735 617 813 quid
642 738 681 796 sit
704 732 771 797 ‘hoc
797 732 938 818 tempus’3
963 738 1014 797 sed
1038 738 1095 797 hoc
1117 738 1177 795 iam
1201 755 1271 796 con-

96 833 183 893 cedes
212 832 386 892 scholiastae
415 832 507 892 uerba
536 835 575 892 ita
604 842 745 912 concepta
774 853 854 914 esse,
882 841 915 894 ut
944 837 973 894 in
1003 832 1171 894 didascaliis
1199 850 1272 892 sane

95 938 212 1009 poetam
236 931 381 1008 tragicum
405 938 668 990 commemoratum
687 932 779 991 fuisse
798 934 863 991 ucri
883 931 978 991 simile
997 934 1044 1012 sit,
1066 917 1128 992 'non
1148 930 1273 1009 quidem

96 1035 163 1088 ante
187 1028 243 1087 hoc
267 1035 393 1106 tempus,
418 1028 470 1087 sed
494 1037 604 1106 postea.
638 1028 715 1099 Quid
735 1026 847 1106 igitur?
871 1031 897 1088 si
915 1029 1101 1108 Pamphilum
1123 1030 1273 1106 tragicum

95 1143 160 1184 esse
185 1127 299 1205 statuis,
323 1144 394 1185 num
425 1125 496 1204 quid
519 1124 598 1184 alind
622 1125 801 1204 relinquitur
825 1132 970 1205 qtram'ut
993 1126 1085 1186 uerba
1109 1116 1175 1204 πρὸ
1197 1117 1273 1185 τού·

94 1242 162 1283 νων
190 1221 259 1283 τῶν
287 1216 420 1303 χρόνων
445 1223 480 1284 ad
504 1242 614 1283 annum
637 1221 712 1304 408,
735 1224 763 1285 h.
788 1243 812 1284 e.
842 1223 877 1282 ad
901 1226 1010 1302 prioris
1034 1223 1112 1284 Pluti
1135 1231 1275 1300 tempora

98 1321 253 1381 referenda
279 1339 343 1380 esse
368 1319 424 1380 tibi
451 1318 652 1399 persuadeas?
698 1321 740 1382 Ci.
765 1321 860 1401 Fuhr‚
888 1320 983 1381 Musei
1007 1320 1141 1381 Rhenani
1166 1320 1227 1380 uol.
1253 1320 1274 1378 V

98 1415 184 1479 1836
208 1438 236 1496 p.
259 1414 335 1477 427.

186 1515 266 1586 Quae
295 1533 363 1575 cum
392 1517 431 1576 ita
460 1518 531 1595 sint,
560 1518 590 1575 in
619 1517 730 1577 scholio
759 1535 878 1596 quoque
912 1512 978 1577 385
1005 1516 1149 1576 habemus
1179 1519 1274 1577 inter·

96 1620 212 1693 pretem
240 1612 386 1672 simillime
415 1612 598 1673 dubitantem
627 1623 715 1693 alque
745 1617 796 1694 cytri
822 1615 857 1674 ad
881 1633 909 1674 u.
937 1612 998 1674 179
1023 1614 1094 1674 haec
1118 1613 1276 1675 adnotauit

97 1709 166 1772 ἔστι
200 1704 237 1772 δὲ
269 1705 331 1783 ἕως
364 1704 547 1782 Διοκλέους
579 1709 634 1791 ἔτη
663 1705 723 1790 ιδ’,
756 1703 840 1773 ὥστε
867 1704 993 1790 ἄλογον
1021 1709 1077 1772 δια
1106 1703 1276 1792 ὀνόματος

98 1801 203 1888 αὐτὴν
227 1804 391 1888 ἐναίρειν,
420 1807 472 1868 sed
499 1809 664 1868 certissime
689 1829 747 1870 non
772 1809 949 1889 dubitasset,
978 1811 1036 1870 nisi
1059 1811 1190 1887 priorem
1217 1809 1276 1870 sibi

96 1907 195 1984 legere
219 1907 339 1967 Plutum
362 1907 445 1965 uisus
470 1911 556 1964 esset.
1069 1961 1077 1977 ,

186 2002 221 2063 ll.
251 2001 285 2062 ln
308 2002 402 2063 altero
426 2001 505 2080 quod
528 2002 615 2062 attuli
637 2003 749 2064 scholio
773 2006 809 2064 ad
833 2026 861 2066 u.
881 2001 946 2066 550
969 2005 1047 2065 idem
1072 2004 1275 2066 statuendum.

99 2102 144 2162 lbi
166 2104 245 2161 enim
269 2100 305 2161 ad
329 2099 535 2179 explicandum
558 2100 866 2181 buncplristopbanis
890 2117 1025 2162 uersum:

160 2235 254 2323 ὑμεῖς
276 2233 308 2321 γ’
335 2237 429 2320 οἵπερ
451 2234 507 2302 καὶ
530 2235 759 2328 Θρασυβούλῳ
785 2238 972 2307 Διονύσιον
996 2235 1083 2305 εἶναι
1107 2235 1229 2323 ὅμοιον

100 2404 174 2465 ριιοο
198 2385 362 2445 afferuntur
386 2384 510 2466 scholia,
538 2405 571 2446 ea
596 2388 693 2445 omnia
718 2388 748 2445 in
771 2385 829 2446 duo
853 2388 1018 2447 certissime
1042 2404 1151 2466 genera
1176 2405 1276 2447 seuer-

100 2484 196 2544 nenda
220 2489 303 2563 sunt,
327 2481 362 2542 ed
387 2501 513 2561 quorum
536 2484 593 2543 hoc
617 2483 665 2544 uel
689 2483 762 2543 illud
786 2483 899 2562 singula
923 2485 1030 2545 referri
1053 2492 1187 2563 possunt.

189 2578 218 2660 a)
243 2581 340 2659 Atque
360 2581 395 2641 ad
415 2583 543 2659 primum
563 2583 745 2644 scholiorum
764 2602 858 2662 genus
877 2582 954 2642 haud
975 2582 1098 2644 dubium
1122 2590 1177 2663 cst,
1202 2586 1279 2662 quin

101 2678 243 2740 trahenda
269 2680 328 2738 sint
352 2677 463 2738 scholia
487 2697 533 2758 ea,
564 2698 638 2758 quae
663 2682 794 2742 secundo
819 2689 848 2742 et
871 2682 959 2742 tertio
984 2679 1048 2739 loco
1073 2683 1277 2761 continentur,

101 2794 229 2856 quorum
254 2776 378 2834 sormam
401 2776 594 2852 integriorem
617 2781 646 2837 in
671 2777 720 2837 illo
745 2781 837 2857 magis
856 2797 921 2838 esse
941 2785 1090 2838 seruatam
1108 2779 1276 2856 pectendum

101 2877 171 2954 erit,
200 2875 268 2952 quia
299 2871 377 2931 illius
407 2871 543 2932 redactur
567 2872 602 2932 de
626 2873 810 2954 Thrasybulo
834 2882 864 2935 et
887 2875 1026 2954 Dionysio
1046 2894 1077 2935 se
1101 2875 1175 2935 nibil
1198 2880 1277 2938 certi

101 2979 286 3050 compertum
310 2968 420 3030 habere
443 2971 612 3049 profitetur:
643 2967 815 3032 ‘fortasse
843 2975 978 3050 pertinax
1005 2972 1054 3032 ille
1078 2981 1108 3034 ct
1131 2992 1276 3053 arrogans

102 3064 360 3151 (rechthaberisch
383 3067 445 3128 und
469 3068 660 3129 anmassend:
684 3069 881 3151 Frohberger,
904 3071 1045 3150 Philolog.
1067 3069 1117 3149 17,
1136 3091 1164 3149 p.
1178 3066 1277 3156 446);

102 3168 233 3246 Dionysii
266 3173 364 3226 autem
395 3165 462 3225 duo
495 3167 609 3226 fuisse
637 3167 822 3248 uidentur,
856 3187 982 3247 utrorum
1015 3169 1107 3229 alter
1135 3177 1199 3229 erat
1227 3173 1277 3230 uir

103 3267 237 3343 insanus,
275 3263 380 3343 alter,
415 3272 453 3324 ut
484 3263 644 3344 uidetur,
677 3261 938 3326 salsamentarius.'
994 3265 1074 3336 erac
1109 3264 1200 3325 uerba
1233 3270 1278 3327 in-

104 3381 233 3442 sequens
257 3361 413 3421 scholiasta
436 3363 476 3421 ita
501 3361 685 3441 deprauauit,
709 3370 750 3436 ut,
775 3364 854 3442 qtrod
874 3363 922 3424 ille
942 3371 1116 3424 cunctanter
1140 3367 1276 3426 enuntia-

104 3469 201 3540 uerat‚
225 3460 281 3519 boc
305 3478 359 3538 pro
384 3468 465 3520 certo
489 3461 664 3521 affirmaret:
692 3455 777 3521 ‘alter
801 3457 833 3543 (i.
859 3481 883 3523 c.
907 3456 1122 3544 Thrasybulus)
1147 3469 1204 3522 est
1228 3465 1278 3524 uir

102 3561 239 3638 pertinax
271 3564 301 3617 et
334 3575 487 3638 arroganS,
520 3558 594 3618 alter
627 3552 813 3641 (Dionysius)
847 3567 901 3619 est
933 3562 980 3619 uir
1010 3562 1130 3620 insanus
1161 3570 1210 3641 et,
1242 3570 1279 3622 ut

105 3657 237 3736 uidetur,
266 3651 525 3716 salsamentarius.'
572 3655 651 3716 Haec
679 3657 737 3718 duo
766 3657 876 3717 scholia
904 3659 982 3717 inter
1011 3676 1043 3716 se
1070 3659 1279 3736 coniungenda

105 3773 170 3814 esse
194 3773 248 3832 per
272 3771 303 3813 sc
327 3762 461 3832 apparet3
485 3771 582 3832 neque
608 3773 679 3814 uero
699 3774 734 3814 ex
755 3756 857 3815 eodem
878 3773 912 3815 ea
931 3756 1011 3815 lonte
1030 3754 1151 3815 lltrxisse
1171 3755 1278 3818 dubito

105 3852 285 3914 contendere
314 3858 402 3929 atque
431 3850 516 3931 illud,
549 3850 628 3930 quod
662 3860 757 3915 exstat
784 3854 819 3913 ad
850 3852 1119 3914 Ecclesiazusarum
1148 3873 1177 3913 u.
1201 3852 1279 3936 203,

105 3951 156 4012 ubi
175 3949 321 4010 simillime
341 3950 500 4026 scriptum:
520 3933 618 4022 οὗτος
638 3943 905 4034 (Θρασύβουλος)
924 3943 1079 4030 αὐθάδης
1097 3944 1152 4010 καὶ
1172 3950 1277 4032 δωρο-

106 4041 220 4126 δόκος,
252 4037 441 4126 ὑπερόπτης
470 4034 518 4107 τόν
550 4044 610 4108 τοῦ
644 4040 761 4129 δήμου.
813 4049 871 4120 Qui
897 4048 976 4109 illius
1004 4048 1278 4112 Ecclesiazusarum

106 4145 210 4208 scholii
230 4147 314 4224 qrrasi
333 4162 440 4223 parens
460 4152 514 4222 est,
537 4146 572 4205 ad
593 4145 721 4206 eundem
744 4147 831 4205 etiam
851 4146 1015 4207 secundum
1035 4150 1216 4225 tertiumque
1240 4149 1278 4209 ad

101 4245 182 4304 Plut.
206 4265 234 4304 n.
254 4239 319 4305 550
343 4241 454 4302 scholia
477 4243 633 4304 referenda
656 4251 734 4304 sunt.

174 4333 215 4417 h)
236 4338 301 4399 lem
320 4340 362 4400 ad
378 4340 507 4404 alterins
525 4344 648 4423 generis
668 4341 781 4405 scholia
799 4342 932 4403 eruenda
948 4341 1134 4419 accedamus,
1151 4362 1282 4419 unorum
