2798 4740
562 343 785 406 ..71-

83 526 154 568 esse
183 510 214 568 in
243 508 307 566 dies
335 509 428 585 magis
460 504 606 566 uidebam.
658 505 690 565 Si
723 507 801 565 enim
835 505 868 564 ad
903 505 989 564 talem
1023 506 1260 565 lamentationem

81 606 261 665 referendae
286 613 386 665 essent
410 600 572 682 ‘Pamphili
595 598 792 684 Heraclidae',
815 601 938 662 dubium
965 621 1024 661 non
1049 611 1103 682 est,
1128 604 1199 680 quin
1224 602 1260 663 de

83 703 232 781 Pamphili
261 705 385 762 crimine
413 686 556 762 iudicium
584 704 641 760 iam
670 703 779 762 lactum
803 719 868 760 csse
893 701 1083 760 statuendum
1107 703 1154 761 sit.
1201 701 1259 762 Sed

83 819 124 860 ex
148 801 250 861 eodem
277 818 364 878 quem
389 817 477 878 supra
502 798 587 858 attuli
606 818 634 860 u.
655 793 719 857 174
737 796 809 857 illud
829 797 972 857 iudicium
990 796 1120 856 nondum
1141 799 1260 879 lactum,

83 897 140 958 sed
168 900 225 957 iam
254 897 388 958 futurum
412 914 477 956 csse
501 901 636 975 apparet,
664 913 732 955 eum
756 894 815 954 illic
839 895 974 955 luturum
1001 903 1118 974 tempus
1148 890 1259 975 (κλαύ-

83 989 206 1077 σεται),
238 1012 298 1054 non
326 995 491 1073 perlectum
520 992 569 1053 uel
598 994 740 1052 aoristum
768 991 856 1070 legas.
907 992 1008 1069 ltaque
1037 992 1113 1052 hanc
1141 994 1258 1073 quoque

82 1111 182 1153 meam
206 1093 383 1152 sententiam
406 1094 464 1150 iam
488 1093 606 1150 missam
630 1091 781 1149 iaciamus.

144 1250 146 1254 ,
177 1190 235 1250 Sed
254 1189 459 1268 Aristophanis
478 1188 575 1248 locum
596 1187 842 1266 quemadmodum
862 1186 1147 1265 interpretabimur?
1184 1191 1256 1250 Cum

83 1289 210 1350 aliorum
244 1290 379 1348 uirorum
412 1287 566 1347 doctorum
600 1304 695 1345 nouae
726 1287 893 1366 opiniones,
926 1285 1005 1363 quod
1038 1287 1156 1364 quidem
1186 1287 1256 1347 mihi

82 1388 258 1466 innotuerit,
282 1385 412 1464 prolatae
436 1393 486 1445 aut
509 1384 647 1444 defensae
672 1402 731 1442 non
756 1385 816 1442 sint
839 1400 872 1441 ac
896 1401 933 1441 ne
952 1399 1006 1460 ego
1026 1384 1145 1461 quidem
1165 1404 1258 1444 nouas

83 1486 211 1562 uerique
240 1482 352 1543 similes
380 1484 546 1560 excogitare
574 1483 700 1559 possim:
729 1478 815 1559 nihil,
843 1478 945 1558 credo,
973 1479 1051 1539 aliud
1078 1480 1258 1560 relinquitur

82 1599 175 1661 quam
207 1591 240 1642 ut
272 1589 370 1641 tamen
398 1579 584 1658 Pamphilum
617 1585 668 1639 aut
697 1586 813 1657 poetam
843 1584 894 1635 aut
921 1578 1067 1655 pictorem
1095 1580 1187 1640 luisse
1216 1584 1255 1642 ita

83 1686 238 1760 putemus,
272 1686 306 1738 ut
339 1677 512 1737 scholiastae
546 1677 636 1737 uerba
669 1683 720 1736 aut
752 1692 885 1734 errorem
918 1677 1070 1735 continere
1104 1687 1155 1738 aut
1183 1679 1257 1740 malo

81 1776 235 1837 intellecta
254 1794 320 1836 esse
334 1782 506 1836 statuamus.
539 1775 582 1834 Ac
596 1776 730 1853 prolecto
745 1791 813 1832 mox
828 1772 980 1851 apparebit
996 1780 1101 1854 tamen,
1121 1781 1257 1854 quamuis

82 1875 152 1934 ueri
179 1873 321 1933 dissimile
349 1873 499 1951 uideatur,
527 1891 581 1951 per
609 1871 713 1931 scholii
742 1870 945 1930 condicionem
975 1879 1134 1950 utrumque
1160 1875 1257 1935 iacere

82 1972 191 2052 licere,
223 1978 256 2030 ut
282 1969 467 2049 Pamphilum
501 1970 549 2029 uel
582 1977 699 2049 poetam
732 1966 781 2028 uel
809 1969 952 2046 pictorem
983 1968 1075 2028 luisse
1104 1980 1257 2054 putemus,

59 2082 62 2088 '
83 2078 154 2131 utra
177 2086 250 2128 uero
275 2069 420 2127 sententia
440 2067 544 2127 melior
563 2085 597 2126 ac
615 2064 809 2145 praeferenda
830 2067 876 2143 sit,
901 2083 978 2124 nunc
998 2085 1057 2125 non
1078 2077 1124 2126 est
1142 2068 1256 2148 discep-

82 2167 221 2246 tandum,
248 2184 284 2225 ex
312 2167 356 2225 eis
384 2173 496 2245 autem,
527 2183 601 2243 quae
630 2163 765 2224 dicturus
789 2180 867 2240 sum,
896 2162 981 2222 facile
1006 2168 1062 2225 erit
1086 2168 1256 2229 diiudicatu.

82 2264 160 2325 Illud
183 2282 275 2325 unum
300 2281 379 2322 nunc
402 2263 475 2324 mihi
498 2263 644 2342 agendum
669 2268 727 2340 est,
756 2268 802 2340 ut,
828 2266 1054 2341 utramcumque
1078 2267 1255 2325 sententiam

83 2363 261 2442 arripueris,
290 2368 371 2420 certe
399 2360 488 2421 huius
517 2380 636 2440 quoque
665 2359 769 2420 scholii
798 2367 949 2418 auctorem
978 2362 1109 2439 priorem
1136 2361 1256 2423 Plutum

82 2460 182 2538 legere
206 2458 263 2518 sibi
285 2461 384 2518 uisum
408 2476 473 2518 esse
498 2459 620 2519 eluceat.

174 2555 269 2635 Atque
293 2557 423 2635 primum
441 2555 626 2634 Pamphilum
647 2558 793 2635 pictorem
814 2554 904 2612 luisse
925 2572 990 2613 curn
1012 2554 1255 2619 Winelrelmanno

85 2642 225 2734 (operum
253 2653 310 2715 uol.
335 2653 384 2734 Vl,
412 2662 487 2733 part.
511 2653 523 2712 Ι
547 2673 574 2733 p.
599 2649 654 2734 855
687 2650 864 2711 Geschichte
899 2650 952 2709 der
984 2650 1093 2732 llunst,
1126 2663 1201 2732 part.
1229 2656 1255 2716 ll

82 2772 111 2832 p.
128 2745 217 2832 682),
241 2751 358 2830 Meyero
382 2746 664 2834 (llunstgeschichte
684 2769 711 2829 p.
730 2741 817 2832 166),
841 2748 874 2808 ll.
894 2747 927 2808 Ο.
947 2748 1087 2809 Muellcro
1107 2746 1255 2832 (Prolegg.

80 2870 105 2910 z.
131 2847 288 2927 Mytholog.
313 2868 340 2927 p.
364 2845 444 2930 400)
473 2848 597 2927 aliisque
625 2847 726 2908 multis
754 2864 907 2925 ponamus.
953 2845 1015 2906 Hoc
1040 2849 1065 2906 si
1089 2852 1255 2935 statuimus,

83 2947 168 3007 illum
189 2948 245 3006 iam
265 2947 300 3006 ad
320 2965 384 3007 eam
405 2955 530 3008 aetatem
550 2954 726 3024 prouectum
746 2947 847 3025 fuisse,
870 2953 904 3004 ut
927 2963 942 3003 a
962 2948 1074 3004 comico
1094 2948 1255 3027 perstringi

80 3051 194 3126 posset,
217 3045 279 3104 lere
303 3045 463 3105 ridiculum
482 3051 528 3104 est
547 3044 595 3104 uel
614 3042 706 3104 uerbo
727 3043 846 3121 quidem
866 3060 1105 3104 commemorare.
1143 3045 1254 3106 Nihilo-

20 3190 26 3199 .
80 3146 183 3203 minus
211 3141 366 3202 scholiasta
395 3143 468 3202 haec
496 3142 589 3203 uerba
621 3143 704 3201 lecit:
741 3131 758 3200 ὁ
789 3132 825 3199 δὲ
854 3132 1048 3218 Πάμφιλος,
1082 3132 1126 3212 ὡς
1158 3141 1255 3223 ἔοικε,

78 3233 138 3301 καὶ
156 3232 317 3319 νεώτερος
331 3226 374 3319 ἦν
389 3231 659 3320 Ἀριστοφάνους,
677 3239 705 3298 h.
721 3257 745 3297 e.
760 3236 932 3315 Pamphilus
946 3246 1013 3315 post
1028 3237 1254 3319 Aristophanem

48 3400 50 3404 ,
80 3338 203 3398 demum
225 3337 339 3418 floruit,
360 3339 398 3397 ita
423 3346 457 3398 ut
475 3335 511 3396 ah
534 3354 568 3394 eo
588 3337 735 3395 nominari
753 3353 812 3394 non
832 3344 940 3413 posset.
978 3335 1040 3395 Hoc
1061 3340 1255 3419 enuntiatum,

80 3437 106 3496 si
141 3433 229 3494 modo
257 3433 443 3513 Pamphilum
471 3433 720 3512 Aristophaneum
748 3435 892 3510 pictorem
921 3453 986 3493 esse
1016 3437 1187 3514 statuirnuS,
1208 3422 1255 3497 >ita

80 3538 200 3592 tantum
215 3531 357 3610 explicari
371 3535 489 3614 poterit,
509 3538 542 3592 ut
561 3531 644 3591 illum
664 3530 850 3590 scholiastam
869 3533 999 3609 priorem
1019 3531 1136 3591 Plutum
1156 3532 1254 3611 legere

79 3628 140 3690 sihi
169 3625 266 3688 uisum
294 3647 359 3688 esse
389 3629 443 3689 tihi
469 3629 662 3709 persuadeas:
690 3628 747 3687 hoc
776 3637 886 3688 statuto
910 3647 980 3687 sane
1003 3628 1046 3688 illi
1070 3629 1254 3709 Pamphilum

79 3725 280 3804 Aristophane
309 3734 403 3786 aetate
430 3729 625 3805 posteriorem
649 3726 746 3785 uideri
769 3728 902 3804 potuisse
927 3727 1081 3788 concedes.
1127 3729 1254 3807 Quoquo
1285 3784 1289 3788 .

79 3834 110 3885 te
139 3825 283 3905 uerteris,
312 3825 337 3883 si
361 3822 545 3903 Pamphilum
574 3824 719 3901 pictorem
749 3825 841 3882 luisse
865 3823 1032 3903 arbitraris,
1060 3825 1144 3883 aliam
1169 3826 1253 3885 scho-

77 3921 184 3982 liastae
207 3919 371 3981 uerborum
394 3921 621 3999 explicationem
644 3938 806 3997 numquam
829 3922 973 3980 inuenies.

173 4017 232 4080 Sed
259 4019 385 4079 sortasse
415 4025 501 4097 poeta
529 4019 660 4094 tragicus
689 4017 744 4077 luit
778 4017 827 4077 ille
855 4017 1037 4099 Pamphilus3
1070 4021 1168 4097 itaque
1197 4019 1253 4080 hoc

79 4133 164 4176 nunc
187 4121 361 4177 statuamus.
399 4115 592 4176 Scholiastam
615 4116 714 4196 igitur,
738 4118 788 4193 qui
812 4118 841 4174 in
866 4115 1031 4174 didascaliis
1057 4115 1168 4175 nullum
1188 4120 1253 4177 eius

79 4213 213 4274 nominis
231 4219 347 4290 poetam
367 4214 511 4290 tragicum
532 4215 758 4272 commemorari
777 4214 903 4290 scripsit,
927 4230 1025 4278 nonne
1045 4229 1160 4271 errasse
1184 4233 1252 4274 eum

80 4310 131 4372 uel
155 4328 216 4370 non
239 4311 311 4369 satis
334 4309 491 4388 diligenter
515 4311 741 4372 didascaliarum
762 4309 855 4368 lihros
877 4308 1069 4386 peruoluisss
1089 4311 1268 4383 quonum

79 4403 162 4468 erit?
199 4405 332 4488 Minime,
361 4410 430 4488 quia
460 4429 612 4493 nusquam
638 4413 698 4473 hoo
722 4429 740 4471 a
762 4407 931 4469 scholiasta
952 4404 1075 4463 dietum
1097 4408 1159 4456 est.
1203 4394 1300 4464 Amph
