<?xml version="1.0" encoding="UTF-8"?>
<!DOCTYPE html PUBLIC "-//W3C//DTD XHTML 1.0 Transitional//EN"
    "http://www.w3.org/TR/xhtml1/DTD/xhtml1-transitional.dtd">
<html xmlns="http://www.w3.org/1999/xhtml" xml:lang="en" lang="en">
 <head>
  <title>
</title>
<meta http-equiv="Content-Type" content="text/html;charset=utf-8" />
  <meta name='ocr-system' content='tesseract 3.04.00' />
  <meta name='ocr-capabilities' content='ocr_page ocr_carea ocr_par ocr_line ocrx_word'/>
</head>
<body>
  <div class='ocr_page' id='page_1' title='image "./plutiaristophan02ludwgoog_0025.png"; bbox 0 0 2798 4740; ppageno 0'>
   <div class='ocr_carea' id='block_1_1' title="bbox 624 311 843 374">
    <p class='ocr_par' dir='ltr' id='par_1_1' title="bbox 624 311 843 374">
     <span class='ocr_line' id='line_1_1' title="bbox 624 311 843 374; baseline 0 -16"><span class='ocrx_word' id='word_1_1' title='bbox 624 311 843 374; x_wconf 72' lang='lat'>..80-</span> 
     </span>
    </p>
   </div>
   <div class='ocr_carea' id='block_1_2' title="bbox 148 464 1343 1510">
    <p class='ocr_par' dir='ltr' id='par_1_2' title="bbox 148 464 1329 728">
     <span class='ocr_line' id='line_1_2' title="bbox 153 464 1327 554; baseline -0.003 -22"><span class='ocrx_word' id='word_1_2' title='bbox 153 464 246 554; x_wconf 80' lang='grc' dir='ltr'>(γάρ)</span> <span class='ocrx_word' id='word_1_3' title='bbox 270 491 305 532; x_wconf 92' lang='lat' dir='ltr'><strong>ex</strong></span> <span class='ocrx_word' id='word_1_4' title='bbox 326 472 476 532; x_wconf 89' lang='lat' dir='ltr'><strong>Strattidis</strong></span> <span class='ocrx_word' id='word_1_5' title='bbox 496 468 661 531; x_wconf 75' lang='lat' dir='ltr'><strong>‘Potamiis’</strong></span> <span class='ocrx_word' id='word_1_6' title='bbox 686 471 792 541; x_wconf 84' lang='lat' dir='ltr'><strong>tabula,</strong></span> <span class='ocrx_word' id='word_1_7' title='bbox 815 491 890 550; x_wconf 89' lang='lat' dir='ltr'><strong>quac</strong></span> <span class='ocrx_word' id='word_1_8' title='bbox 910 481 956 532; x_wconf 86' lang='lat' dir='ltr'><strong>est</strong></span> <span class='ocrx_word' id='word_1_9' title='bbox 974 472 1060 530; x_wconf 91' lang='lat' dir='ltr'><strong>docta</strong></span> <span class='ocrx_word' id='word_1_10' title='bbox 1078 479 1146 530; x_wconf 91' lang='lat' dir='ltr'><strong>ante</strong></span> <span class='ocrx_word' id='word_1_11' title='bbox 1165 479 1327 547; x_wconf 90' lang='lat' dir='ltr'><strong>utramque</strong></span> 
     </span>
     <span class='ocr_line' id='line_1_3' title="bbox 152 564 1329 649; baseline -0.003 -21"><span class='ocrx_word' id='word_1_12' title='bbox 152 570 357 649; x_wconf 75' lang='lat' dir='ltr'><strong>Aristophanis</strong></span> <span class='ocrx_word' id='word_1_13' title='bbox 380 564 605 649; x_wconf 88' lang='lat' dir='ltr'><strong>comoediam¹),</strong></span> <span class='ocrx_word' id='word_1_14' title='bbox 628 568 795 648; x_wconf 83' lang='lat' dir='ltr'><strong>Philyllium</strong></span> <span class='ocrx_word' id='word_1_15' title='bbox 818 569 908 630; x_wconf 90' lang='lat' dir='ltr'><strong>huius</strong></span> <span class='ocrx_word' id='word_1_16' title='bbox 931 571 1023 629; x_wconf 91' lang='lat' dir='ltr'><strong>moris</strong></span> <span class='ocrx_word' id='word_1_17' title='bbox 1045 571 1234 628; x_wconf 90' lang='lat' dir='ltr'><strong>inuentorem</strong></span> <span class='ocrx_word' id='word_1_18' title='bbox 1258 585 1329 626; x_wconf 89' lang='lat' dir='ltr'><strong>esse</strong></span> 
     </span>
     <span class='ocr_line' id='line_1_4' title="bbox 148 663 478 728; baseline 0.006 -3"><span class='ocrx_word' id='word_1_19' title='bbox 148 667 385 728; x_wconf 90' lang='lat' dir='ltr'><strong>concludendum</strong></span> <span class='ocrx_word' id='word_1_20' title='bbox 413 663 478 728; x_wconf 84' lang='lat' dir='ltr'><strong>est&#39;</strong></span> 
     </span>
    </p>

    <p class='ocr_par' dir='ltr' id='par_1_3' title="bbox 148 763 1343 1510">
     <span class='ocr_line' id='line_1_5' title="bbox 237 763 1327 843; baseline -0.002 -20"><span class='ocrx_word' id='word_1_21' title='bbox 237 764 316 825; x_wconf 90' lang='lat' dir='ltr'><strong>llaec</strong></span> <span class='ocrx_word' id='word_1_22' title='bbox 335 768 432 826; x_wconf 90' lang='lat' dir='ltr'><strong>omnia</strong></span> <span class='ocrx_word' id='word_1_23' title='bbox 456 768 566 843; x_wconf 89' lang='lat' dir='ltr'><strong>optime</strong></span> <span class='ocrx_word' id='word_1_24' title='bbox 586 766 658 824; x_wconf 92' lang='lat' dir='ltr'><strong>mihi</strong></span> <span class='ocrx_word' id='word_1_25' title='bbox 683 768 762 825; x_wconf 93' lang='lat' dir='ltr'><strong>inter</strong></span> <span class='ocrx_word' id='word_1_26' title='bbox 785 784 817 825; x_wconf 91' lang='lat' dir='ltr'><strong>se</strong></span> <span class='ocrx_word' id='word_1_27' title='bbox 837 765 997 824; x_wconf 89' lang='lat' dir='ltr'><strong>cohaerere</strong></span> <span class='ocrx_word' id='word_1_28' title='bbox 1017 763 1183 840; x_wconf 81' lang='lat' dir='ltr'><strong>bonamque</strong></span> <span class='ocrx_word' id='word_1_29' title='bbox 1204 769 1327 822; x_wconf 89' lang='lat' dir='ltr'><strong>senten-</strong></span> 
     </span>
     <span class='ocr_line' id='line_1_6' title="bbox 149 861 1328 943; baseline -0.002 -21"><span class='ocrx_word' id='word_1_30' title='bbox 149 864 218 922; x_wconf 90' lang='lat' dir='ltr'><strong>tiam</strong></span> <span class='ocrx_word' id='word_1_31' title='bbox 243 871 272 922; x_wconf 91' lang='lat' dir='ltr'><strong>et</strong></span> <span class='ocrx_word' id='word_1_32' title='bbox 295 863 331 922; x_wconf 93' lang='lat' dir='ltr'><strong>ab</strong></span> <span class='ocrx_word' id='word_1_33' title='bbox 356 866 436 922; x_wconf 92' lang='lat' dir='ltr'><strong>omni</strong></span> <span class='ocrx_word' id='word_1_34' title='bbox 460 865 534 922; x_wconf 92' lang='lat' dir='ltr'><strong>nitio</strong></span> <span class='ocrx_word' id='word_1_35' title='bbox 558 881 681 922; x_wconf 89' lang='lat' dir='ltr'><strong>uacuam</strong></span> <span class='ocrx_word' id='word_1_36' title='bbox 704 862 849 943; x_wconf 89' lang='lat' dir='ltr'><strong>praebere</strong></span> <span class='ocrx_word' id='word_1_37' title='bbox 876 863 1016 922; x_wconf 92' lang='lat' dir='ltr'><strong>uidentur</strong></span> <span class='ocrx_word' id='word_1_38' title='bbox 1039 879 1134 939; x_wconf 89' lang='lat' dir='ltr'><strong>eoque</strong></span> <span class='ocrx_word' id='word_1_39' title='bbox 1158 861 1252 938; x_wconf 84' lang='lat' dir='ltr'><strong>magis</strong></span> <span class='ocrx_word' id='word_1_40' title='bbox 1277 879 1328 920; x_wconf 92' lang='lat' dir='ltr'><strong>me</strong></span> 
     </span>
     <span class='ocr_line' id='line_1_7' title="bbox 148 958 1328 1039; baseline -0.003 -20"><span class='ocrx_word' id='word_1_41' title='bbox 148 970 263 1020; x_wconf 89' lang='lat' dir='ltr'><strong>rectum</strong></span> <span class='ocrx_word' id='word_1_42' title='bbox 292 980 413 1021; x_wconf 89' lang='lat' dir='ltr'><strong>sensum</strong></span> <span class='ocrx_word' id='word_1_43' title='bbox 437 960 576 1038; x_wconf 91' lang='lat' dir='ltr'><strong>adeptum</strong></span> <span class='ocrx_word' id='word_1_44' title='bbox 600 979 666 1020; x_wconf 88' lang='lat' dir='ltr'><strong>csse</strong></span> <span class='ocrx_word' id='word_1_45' title='bbox 691 980 788 1039; x_wconf 89' lang='lat' dir='ltr'><strong>spero,</strong></span> <span class='ocrx_word' id='word_1_46' title='bbox 819 961 897 1039; x_wconf 92' lang='lat' dir='ltr'><strong>quod</strong></span> <span class='ocrx_word' id='word_1_47' title='bbox 922 968 1042 1038; x_wconf 89' lang='lat' dir='ltr'><strong>praeter</strong></span> <span class='ocrx_word' id='word_1_48' title='bbox 1064 958 1209 1018; x_wconf 81' lang='lat' dir='ltr'><strong>lloclrium</strong></span> <span class='ocrx_word' id='word_1_49' title='bbox 1234 960 1328 1018; x_wconf 89' lang='lat' dir='ltr'><strong>etiarn</strong></span> 
     </span>
     <span class='ocr_line' id='line_1_8' title="bbox 148 1055 1329 1138; baseline -0.003 -21"><span class='ocrx_word' id='word_1_50' title='bbox 148 1057 313 1119; x_wconf 81' lang='lat' dir='ltr'><strong>Meinelxius</strong></span> <span class='ocrx_word' id='word_1_51' title='bbox 336 1059 405 1119; x_wconf 82' lang='lat' dir='ltr'><strong>hist.</strong></span> <span class='ocrx_word' id='word_1_52' title='bbox 430 1061 495 1118; x_wconf 91' lang='lat' dir='ltr'><strong>crit.</strong></span> <span class='ocrx_word' id='word_1_53' title='bbox 520 1058 614 1118; x_wconf 85' lang='lat' dir='ltr'><strong>noll</strong></span> <span class='ocrx_word' id='word_1_54' title='bbox 637 1079 665 1138; x_wconf 88' lang='lat' dir='ltr'><strong>p.</strong></span> <span class='ocrx_word' id='word_1_55' title='bbox 690 1056 754 1120; x_wconf 78' lang='lat'><strong>233</strong></span> <span class='ocrx_word' id='word_1_56' title='bbox 778 1068 808 1118; x_wconf 89' lang='lat' dir='ltr'><strong>et</strong></span> <span class='ocrx_word' id='word_1_57' title='bbox 827 1058 983 1118; x_wconf 86' lang='lat' dir='ltr'><strong>Clintoous</strong></span> <span class='ocrx_word' id='word_1_58' title='bbox 1009 1059 1039 1116; x_wconf 94' lang='lat' dir='ltr'><strong>in</strong></span> <span class='ocrx_word' id='word_1_59' title='bbox 1058 1057 1142 1116; x_wconf 82' lang='lat' dir='ltr'><strong>lastis</strong></span> <span class='ocrx_word' id='word_1_60' title='bbox 1162 1055 1329 1115; x_wconf 89' lang='lat' dir='ltr'><strong>Hellenicis</strong></span> 
     </span>
     <span class='ocr_line' id='line_1_9' title="bbox 148 1153 1329 1237; baseline -0.002 -21"><span class='ocrx_word' id='word_1_61' title='bbox 148 1175 176 1234; x_wconf 92' lang='lat' dir='ltr'><strong>p.</strong></span> <span class='ocrx_word' id='word_1_62' title='bbox 202 1153 265 1216; x_wconf 87' lang='lat'><strong>103</strong></span> <span class='ocrx_word' id='word_1_63' title='bbox 293 1159 323 1215; x_wconf 95' lang='lat' dir='ltr'><strong>in</strong></span> <span class='ocrx_word' id='word_1_64' title='bbox 353 1157 476 1216; x_wconf 91' lang='lat' dir='ltr'><strong>eandem</strong></span> <span class='ocrx_word' id='word_1_65' title='bbox 505 1159 682 1217; x_wconf 90' lang='lat' dir='ltr'><strong>sententiam</strong></span> <span class='ocrx_word' id='word_1_66' title='bbox 711 1157 895 1237; x_wconf 90' lang='lat' dir='ltr'><strong>inciderunt,</strong></span> <span class='ocrx_word' id='word_1_67' title='bbox 923 1174 1050 1234; x_wconf 92' lang='lat' dir='ltr'><strong>quorum</strong></span> <span class='ocrx_word' id='word_1_68' title='bbox 1080 1156 1229 1233; x_wconf 88' lang='lat' dir='ltr'><strong>uirorum,</strong></span> <span class='ocrx_word' id='word_1_69' title='bbox 1255 1153 1329 1214; x_wconf 91' lang='lat' dir='ltr'><strong>licet</strong></span> 
     </span>
     <span class='ocr_line' id='line_1_10' title="bbox 148 1252 1330 1333; baseline 0.001 -22"><span class='ocrx_word' id='word_1_70' title='bbox 148 1271 195 1311; x_wconf 91' lang='lat' dir='ltr'><strong>me</strong></span> <span class='ocrx_word' id='word_1_71' title='bbox 220 1252 339 1330; x_wconf 89' lang='lat' dir='ltr'><strong>quidem</strong></span> <span class='ocrx_word' id='word_1_72' title='bbox 364 1256 394 1312; x_wconf 96' lang='lat' dir='ltr'><strong>in</strong></span> <span class='ocrx_word' id='word_1_73' title='bbox 418 1253 473 1313; x_wconf 90' lang='lat' dir='ltr'><strong>hac</strong></span> <span class='ocrx_word' id='word_1_74' title='bbox 498 1273 530 1313; x_wconf 89' lang='lat' dir='ltr'><strong>re</strong></span> <span class='ocrx_word' id='word_1_75' title='bbox 549 1254 677 1314; x_wconf 89' lang='lat' dir='ltr'><strong>iudicem</strong></span> <span class='ocrx_word' id='word_1_76' title='bbox 701 1273 825 1332; x_wconf 91' lang='lat' dir='ltr'><strong>prorsus</strong></span> <span class='ocrx_word' id='word_1_77' title='bbox 849 1257 1056 1333; x_wconf 90' lang='lat' dir='ltr'><strong>incorruptum</strong></span> <span class='ocrx_word' id='word_1_78' title='bbox 1080 1271 1114 1311; x_wconf 92' lang='lat' dir='ltr'><strong>ac</strong></span> <span class='ocrx_word' id='word_1_79' title='bbox 1137 1254 1202 1311; x_wconf 90' lang='lat' dir='ltr'><strong>sine</strong></span> <span class='ocrx_word' id='word_1_80' title='bbox 1225 1254 1271 1310; x_wconf 92' lang='lat' dir='ltr'><strong>ira</strong></span> <span class='ocrx_word' id='word_1_81' title='bbox 1296 1258 1330 1312; x_wconf 87' lang='lat' dir='ltr'><strong>et</strong></span> 
     </span>
     <span class='ocr_line' id='line_1_11' title="bbox 148 1349 1343 1431; baseline 0.001 -24"><span class='ocrx_word' id='word_1_82' title='bbox 148 1350 246 1408; x_wconf 91' lang='lat' dir='ltr'><strong>studio</strong></span> <span class='ocrx_word' id='word_1_83' title='bbox 275 1349 489 1429; x_wconf 77' lang='lat' dir='ltr'><strong>disceptantem</strong></span> <span class='ocrx_word' id='word_1_84' title='bbox 519 1370 584 1410; x_wconf 90' lang='lat' dir='ltr'><strong>esse</strong></span> <span class='ocrx_word' id='word_1_85' title='bbox 613 1354 783 1431; x_wconf 84' lang='lat' dir='ltr'><strong>negaueris,</strong></span> <span class='ocrx_word' id='word_1_86' title='bbox 810 1351 886 1412; x_wconf 91' lang='lat' dir='ltr'><strong>hanc</strong></span> <span class='ocrx_word' id='word_1_87' title='bbox 915 1351 963 1411; x_wconf 92' lang='lat' dir='ltr'><strong>uel</strong></span> <span class='ocrx_word' id='word_1_88' title='bbox 991 1350 1069 1409; x_wconf 93' lang='lat' dir='ltr'><strong>illam</strong></span> <span class='ocrx_word' id='word_1_89' title='bbox 1093 1357 1208 1428; x_wconf 89' lang='lat' dir='ltr'><strong>partem</strong></span> <span class='ocrx_word' id='word_1_90' title='bbox 1236 1351 1343 1427; x_wconf 84' lang='lat' dir='ltr'><strong>scqui-</strong></span> 
     </span>
     <span class='ocr_line' id='line_1_12' title="bbox 149 1445 1328 1510; baseline 0.001 -5"><span class='ocrx_word' id='word_1_91' title='bbox 149 1457 199 1507; x_wconf 92' lang='lat' dir='ltr'><strong>aut</strong></span> <span class='ocrx_word' id='word_1_92' title='bbox 219 1447 289 1507; x_wconf 91' lang='lat' dir='ltr'><strong>huic</strong></span> <span class='ocrx_word' id='word_1_93' title='bbox 308 1449 389 1508; x_wconf 91' lang='lat' dir='ltr'><strong>illiue</strong></span> <span class='ocrx_word' id='word_1_94' title='bbox 409 1451 573 1510; x_wconf 90' lang='lat' dir='ltr'><strong>sententiae</strong></span> <span class='ocrx_word' id='word_1_95' title='bbox 588 1449 689 1509; x_wconf 87' lang='lat' dir='ltr'><strong>l&#39;auere</strong></span> <span class='ocrx_word' id='word_1_96' title='bbox 708 1449 780 1508; x_wconf 93' lang='lat' dir='ltr'><strong>nihil</strong></span> <span class='ocrx_word' id='word_1_97' title='bbox 799 1451 971 1509; x_wconf 78' lang='lat' dir='ltr'><strong>interfuisse</strong></span> <span class='ocrx_word' id='word_1_98' title='bbox 986 1466 1075 1508; x_wconf 93' lang='lat' dir='ltr'><strong>nemo</strong></span> <span class='ocrx_word' id='word_1_99' title='bbox 1094 1466 1154 1507; x_wconf 94' lang='lat' dir='ltr'><strong>non</strong></span> <span class='ocrx_word' id='word_1_100' title='bbox 1168 1445 1328 1507; x_wconf 84' lang='lat' dir='ltr'><strong>concedet</strong></span> 
     </span>
    </p>
   </div>
   <div class='ocr_carea' id='block_1_3' title="bbox 645 1644 829 1721">
    <p class='ocr_par' dir='ltr' id='par_1_4' title="bbox 645 1644 829 1721">
     <span class='ocr_line' id='line_1_13' title="bbox 645 1644 829 1721; baseline -0.005 -17"><span class='ocrx_word' id='word_1_101' title='bbox 645 1644 762 1721; x_wconf 80' lang='lat' dir='ltr'><strong>caput</strong></span> <span class='ocrx_word' id='word_1_102' title='bbox 789 1645 829 1704; x_wconf 92' lang='lat' dir='ltr'><strong>Il.</strong></span> 
     </span>
    </p>
   </div>
   <div class='ocr_carea' id='block_1_4' title="bbox 201 1755 1270 1934">
    <p class='ocr_par' dir='ltr' id='par_1_5' title="bbox 201 1755 1270 1934">
     <span class='ocr_line' id='line_1_14' title="bbox 201 1755 1270 1836; baseline -0.003 -16"><span class='ocrx_word' id='word_1_103' title='bbox 201 1756 315 1820; x_wconf 89' lang='lat' dir='ltr'><strong>Num</strong></span> <span class='ocrx_word' id='word_1_104' title='bbox 352 1759 579 1836; x_wconf 78' lang='lat' dir='ltr'><strong>utramque</strong></span> <span class='ocrx_word' id='word_1_105' title='bbox 612 1757 791 1821; x_wconf 76' lang='lat' dir='ltr'><strong>Plutum</strong></span> <span class='ocrx_word' id='word_1_106' title='bbox 829 1755 1063 1820; x_wconf 70' lang='lat' dir='ltr'>habuerint</span> <span class='ocrx_word' id='word_1_107' title='bbox 1102 1756 1270 1819; x_wconf 82' lang='lat' dir='ltr'><strong>ueteres</strong></span> 
     </span>
     <span class='ocr_line' id='line_1_15' title="bbox 590 1854 872 1934; baseline -0.004 -16"><span class='ocrx_word' id='word_1_108' title='bbox 590 1854 872 1934; x_wconf 78' lang='lat' dir='ltr'><strong>grammatici.</strong></span> 
     </span>
    </p>
   </div>
   <div class='ocr_carea' id='block_1_5' title="bbox 147 1968 1328 2248">
    <p class='ocr_par' dir='ltr' id='par_1_6' title="bbox 147 1968 1328 2248">
     <span class='ocr_line' id='line_1_16' title="bbox 239 1968 1328 2050; baseline -0.004 -18"><span class='ocrx_word' id='word_1_109' title='bbox 239 1971 268 2048; x_wconf 62' lang='grc' dir='ltr'><strong>ἓ.</strong></span> <span class='ocrx_word' id='word_1_110' title='bbox 293 1970 321 2033; x_wconf 81' lang='lat' dir='ltr'><strong>t.</strong></span> <span class='ocrx_word' id='word_1_111' title='bbox 363 1969 561 2040; x_wconf 83' lang='lat' dir='ltr'><strong>Quamobrem</strong></span> <span class='ocrx_word' id='word_1_112' title='bbox 590 1975 728 2050; x_wconf 90' lang='lat' dir='ltr'><strong>quoniam</strong></span> <span class='ocrx_word' id='word_1_113' title='bbox 757 1972 930 2032; x_wconf 84' lang='lat' dir='ltr'><strong>scholiastes</strong></span> <span class='ocrx_word' id='word_1_114' title='bbox 959 1990 1061 2031; x_wconf 88' lang='lat' dir='ltr'><strong>omncs</strong></span> <span class='ocrx_word' id='word_1_115' title='bbox 1089 1971 1219 2048; x_wconf 81' lang='lat' dir='ltr'><strong>priorem</strong></span> <span class='ocrx_word' id='word_1_116' title='bbox 1243 1968 1328 2029; x_wconf 90' lang='lat' dir='ltr'><strong>Pluti</strong></span> 
     </span>
     <span class='ocr_line' id='line_1_17' title="bbox 147 2068 1326 2131; baseline 0.001 -3"><span class='ocrx_word' id='word_1_117' title='bbox 147 2072 352 2129; x_wconf 84' lang='lat' dir='ltr'><strong>recensionem</strong></span> <span class='ocrx_word' id='word_1_118' title='bbox 382 2070 517 2129; x_wconf 90' lang='lat' dir='ltr'><strong>manibus</strong></span> <span class='ocrx_word' id='word_1_119' title='bbox 546 2072 608 2129; x_wconf 89' lang='lat' dir='ltr'><strong>suis</strong></span> <span class='ocrx_word' id='word_1_120' title='bbox 632 2079 734 2130; x_wconf 89' lang='lat' dir='ltr'><strong>terere</strong></span> <span class='ocrx_word' id='word_1_121' title='bbox 766 2070 823 2129; x_wconf 93' lang='lat' dir='ltr'><strong>sibi</strong></span> <span class='ocrx_word' id='word_1_122' title='bbox 851 2073 932 2131; x_wconf 93' lang='lat' dir='ltr'><strong>uisos</strong></span> <span class='ocrx_word' id='word_1_123' title='bbox 957 2087 1021 2129; x_wconf 90' lang='lat' dir='ltr'><strong>esse</strong></span> <span class='ocrx_word' id='word_1_124' title='bbox 1050 2068 1326 2129; x_wconf 88' lang='lat' dir='ltr'><strong>demonstrauimus</strong></span> 
     </span>
     <span class='ocr_line' id='line_1_18' title="bbox 147 2166 1325 2248; baseline -0.002 -23"><span class='ocrx_word' id='word_1_125' title='bbox 147 2167 408 2248; x_wconf 89' lang='lat' dir='ltr'><strong>probauimnsque,</strong></span> <span class='ocrx_word' id='word_1_126' title='bbox 427 2170 485 2227; x_wconf 91' lang='lat' dir='ltr'><strong>iam</strong></span> <span class='ocrx_word' id='word_1_127' title='bbox 505 2187 578 2241; x_wconf 86' lang='lat' dir='ltr'><strong>eam,</strong></span> <span class='ocrx_word' id='word_1_128' title='bbox 603 2187 677 2245; x_wconf 87' lang='lat' dir='ltr'><strong>qnae</strong></span> <span class='ocrx_word' id='word_1_129' title='bbox 704 2186 784 2227; x_wconf 94' lang='lat' dir='ltr'><strong>nuno</strong></span> <span class='ocrx_word' id='word_1_130' title='bbox 804 2167 948 2247; x_wconf 84' lang='lat' dir='ltr'><strong>oboritur,</strong></span> <span class='ocrx_word' id='word_1_131' title='bbox 972 2167 1175 2244; x_wconf 89' lang='lat' dir='ltr'><strong>quaestionem</strong></span> <span class='ocrx_word' id='word_1_132' title='bbox 1196 2166 1325 2244; x_wconf 88' lang='lat' dir='ltr'><strong>suscipi-</strong></span> 
     </span>
    </p>
   </div>
   <div class='ocr_carea' id='block_1_6' title="bbox 52 2261 1331 4093">
    <p class='ocr_par' dir='ltr' id='par_1_7' title="bbox 52 2261 1331 4093">
     <span class='ocr_line' id='line_1_19' title="bbox 148 2261 1331 2346; baseline -0.004 -23"><span class='ocrx_word' id='word_1_133' title='bbox 148 2282 232 2324; x_wconf 90' lang='lat' dir='ltr'><strong>amus</strong></span> <span class='ocrx_word' id='word_1_134' title='bbox 262 2264 478 2345; x_wconf 82' lang='lat' dir='ltr'><strong>explicandam,</strong></span> <span class='ocrx_word' id='word_1_135' title='bbox 507 2284 635 2343; x_wconf 90' lang='lat' dir='ltr'><strong>quonam</strong></span> <span class='ocrx_word' id='word_1_136' title='bbox 662 2266 764 2346; x_wconf 92' lang='lat' dir='ltr'><strong>modo,</strong></span> <span class='ocrx_word' id='word_1_137' title='bbox 793 2277 826 2327; x_wconf 91' lang='lat' dir='ltr'><strong>ut</strong></span> <span class='ocrx_word' id='word_1_138' title='bbox 850 2265 1023 2325; x_wconf 76' lang='lat' dir='ltr'><strong>scholiastae</strong></span> <span class='ocrx_word' id='word_1_139' title='bbox 1047 2265 1178 2342; x_wconf 87' lang='lat' dir='ltr'><strong>priorem</strong></span> <span class='ocrx_word' id='word_1_140' title='bbox 1201 2261 1331 2322; x_wconf 17' lang='lat' dir='ltr'><strong>Plutum,</strong></span> 
     </span>
     <span class='ocr_line' id='line_1_20' title="bbox 147 2359 1324 2439; baseline 0 -21"><span class='ocrx_word' id='word_1_141' title='bbox 147 2359 245 2438; x_wconf 85' lang='lat' dir='ltr'><strong>legere</strong></span> <span class='ocrx_word' id='word_1_142' title='bbox 266 2361 323 2420; x_wconf 91' lang='lat' dir='ltr'><strong>sibi</strong></span> <span class='ocrx_word' id='word_1_143' title='bbox 342 2361 527 2436; x_wconf 90' lang='lat' dir='ltr'><strong>uiderentur,</strong></span> <span class='ocrx_word' id='word_1_144' title='bbox 546 2364 677 2439; x_wconf 92' lang='lat' dir='ltr'><strong>potuerit</strong></span> <span class='ocrx_word' id='word_1_145' title='bbox 691 2363 835 2422; x_wconf 90' lang='lat' dir='ltr'><strong>accidere.</strong></span> <span class='ocrx_word' id='word_1_146' title='bbox 872 2362 935 2420; x_wconf 89' lang='lat' dir='ltr'><strong>Hoc</strong></span> <span class='ocrx_word' id='word_1_147' title='bbox 950 2370 1047 2420; x_wconf 87' lang='lat' dir='ltr'><strong>autem</strong></span> <span class='ocrx_word' id='word_1_148' title='bbox 1068 2359 1183 2420; x_wconf 92' lang='lat' dir='ltr'><strong>duabus</strong></span> <span class='ocrx_word' id='word_1_149' title='bbox 1202 2361 1324 2437; x_wconf 93' lang='lat' dir='ltr'><strong>potissi-</strong></span> 
     </span>
     <span class='ocr_line' id='line_1_21' title="bbox 147 2457 1324 2540; baseline -0.001 -24"><span class='ocrx_word' id='word_1_150' title='bbox 147 2476 228 2517; x_wconf 92' lang='lat' dir='ltr'><strong>mum</strong></span> <span class='ocrx_word' id='word_1_151' title='bbox 252 2459 287 2518; x_wconf 87' lang='lat' dir='ltr'><strong>de</strong></span> <span class='ocrx_word' id='word_1_152' title='bbox 312 2460 410 2518; x_wconf 86' lang='lat' dir='ltr'><strong>causis</strong></span> <span class='ocrx_word' id='word_1_153' title='bbox 434 2458 544 2518; x_wconf 87' lang='lat' dir='ltr'><strong>factum</strong></span> <span class='ocrx_word' id='word_1_154' title='bbox 569 2466 634 2517; x_wconf 87' lang='lat' dir='ltr'><strong>esse</strong></span> <span class='ocrx_word' id='word_1_155' title='bbox 657 2460 814 2540; x_wconf 90' lang='lat' dir='ltr'><strong>contendo,</strong></span> <span class='ocrx_word' id='word_1_156' title='bbox 837 2460 937 2539; x_wconf 92' lang='lat' dir='ltr'><strong>altera,</strong></span> <span class='ocrx_word' id='word_1_157' title='bbox 962 2457 1041 2536; x_wconf 92' lang='lat' dir='ltr'><strong>quod</strong></span> <span class='ocrx_word' id='word_1_158' title='bbox 1065 2475 1120 2516; x_wconf 88' lang='lat' dir='ltr'><strong>neo</strong></span> <span class='ocrx_word' id='word_1_159' title='bbox 1145 2457 1324 2516; x_wconf 76' lang='lat' dir='ltr'><strong>scholiastae</strong></span> 
     </span>
     <span class='ocr_line' id='line_1_22' title="bbox 148 2552 1325 2637; baseline -0.003 -23"><span class='ocrx_word' id='word_1_160' title='bbox 148 2573 245 2634; x_wconf 86' lang='lat' dir='ltr'><strong>neque</strong></span> <span class='ocrx_word' id='word_1_161' title='bbox 266 2559 302 2636; x_wconf 91' lang='lat' dir='ltr'><strong>ei,</strong></span> <span class='ocrx_word' id='word_1_162' title='bbox 321 2556 356 2615; x_wconf 93' lang='lat' dir='ltr'><strong>ad</strong></span> <span class='ocrx_word' id='word_1_163' title='bbox 378 2574 452 2634; x_wconf 92' lang='lat' dir='ltr'><strong>quos</strong></span> <span class='ocrx_word' id='word_1_164' title='bbox 471 2555 503 2614; x_wconf 96' lang='lat' dir='ltr'><strong>bi</strong></span> <span class='ocrx_word' id='word_1_165' title='bbox 522 2573 553 2615; x_wconf 93' lang='lat' dir='ltr'><strong>se</strong></span> <span class='ocrx_word' id='word_1_166' title='bbox 574 2554 767 2637; x_wconf 87' lang='lat' dir='ltr'><strong>applicabant,</strong></span> <span class='ocrx_word' id='word_1_167' title='bbox 785 2560 964 2634; x_wconf 80' lang='lat' dir='ltr'><strong>interpretes</strong></span> <span class='ocrx_word' id='word_1_168' title='bbox 984 2565 1102 2615; x_wconf 87' lang='lat' dir='ltr'><strong>ueteres</strong></span> <span class='ocrx_word' id='word_1_169' title='bbox 1122 2552 1325 2634; x_wconf 77' lang='lat' dir='ltr'><strong>Alexandrini,</strong></span> 
     </span>
     <span class='ocr_line' id='line_1_23' title="bbox 147 2651 1323 2733; baseline -0.002 -22"><span class='ocrx_word' id='word_1_170' title='bbox 147 2653 219 2712; x_wconf 91' lang='lat' dir='ltr'><strong>duas</strong></span> <span class='ocrx_word' id='word_1_171' title='bbox 243 2652 322 2713; x_wconf 90' lang='lat' dir='ltr'><strong>Pluti</strong></span> <span class='ocrx_word' id='word_1_172' title='bbox 344 2655 535 2713; x_wconf 87' lang='lat' dir='ltr'><strong>recensiones</strong></span> <span class='ocrx_word' id='word_1_173' title='bbox 560 2651 695 2712; x_wconf 90' lang='lat' dir='ltr'><strong>manibus</strong></span> <span class='ocrx_word' id='word_1_174' title='bbox 722 2657 784 2714; x_wconf 93' lang='lat' dir='ltr'><strong>suis</strong></span> <span class='ocrx_word' id='word_1_175' title='bbox 803 2653 971 2733; x_wconf 88' lang='lat' dir='ltr'><strong>uersabant,</strong></span> <span class='ocrx_word' id='word_1_176' title='bbox 995 2652 1094 2731; x_wconf 87' lang='lat' dir='ltr'><strong>altera,</strong></span> <span class='ocrx_word' id='word_1_177' title='bbox 1118 2652 1198 2729; x_wconf 90' lang='lat' dir='ltr'><strong>quod</strong></span> <span class='ocrx_word' id='word_1_178' title='bbox 1217 2669 1323 2710; x_wconf 88' lang='lat' dir='ltr'><strong>earum</strong></span> 
     </span>
     <span class='ocr_line' id='line_1_24' title="bbox 147 2749 1323 2831; baseline 0.001 -24"><span class='ocrx_word' id='word_1_179' title='bbox 147 2749 324 2831; x_wconf 83' lang='lat' dir='ltr'><strong>tabularum,</strong></span> <span class='ocrx_word' id='word_1_180' title='bbox 355 2768 480 2828; x_wconf 90' lang='lat' dir='ltr'><strong>quarum</strong></span> <span class='ocrx_word' id='word_1_181' title='bbox 512 2750 603 2810; x_wconf 88' lang='lat' dir='ltr'><strong>altera</strong></span> <span class='ocrx_word' id='word_1_182' title='bbox 632 2759 745 2811; x_wconf 89' lang='lat' dir='ltr'><strong>tantum</strong></span> <span class='ocrx_word' id='word_1_183' title='bbox 775 2751 865 2811; x_wconf 89' lang='lat' dir='ltr'><strong>editio</strong></span> <span class='ocrx_word' id='word_1_184' title='bbox 894 2754 937 2810; x_wconf 89' lang='lat' dir='ltr'><strong>eis</strong></span> <span class='ocrx_word' id='word_1_185' title='bbox 964 2759 1118 2828; x_wconf 87' lang='lat' dir='ltr'><strong>superstes</strong></span> <span class='ocrx_word' id='word_1_186' title='bbox 1146 2758 1239 2827; x_wconf 88' lang='lat' dir='ltr'><strong>esset,</strong></span> <span class='ocrx_word' id='word_1_187' title='bbox 1266 2749 1323 2808; x_wconf 89' lang='lat' dir='ltr'><strong>sed</strong></span> 
     </span>
     <span class='ocr_line' id='line_1_25' title="bbox 147 2847 1322 2927; baseline -0.001 -22"><span class='ocrx_word' id='word_1_188' title='bbox 147 2865 220 2924; x_wconf 92' lang='lat' dir='ltr'><strong>quas</strong></span> <span class='ocrx_word' id='word_1_189' title='bbox 248 2847 293 2906; x_wconf 91' lang='lat' dir='ltr'><strong>bis</strong></span> <span class='ocrx_word' id='word_1_190' title='bbox 321 2850 351 2906; x_wconf 96' lang='lat' dir='ltr'><strong>in</strong></span> <span class='ocrx_word' id='word_1_191' title='bbox 381 2864 498 2907; x_wconf 89' lang='lat' dir='ltr'><strong>scenam</strong></span> <span class='ocrx_word' id='word_1_192' title='bbox 527 2851 699 2908; x_wconf 89' lang='lat' dir='ltr'><strong>commissas</strong></span> <span class='ocrx_word' id='word_1_193' title='bbox 727 2867 792 2908; x_wconf 89' lang='lat' dir='ltr'><strong>esse</strong></span> <span class='ocrx_word' id='word_1_194' title='bbox 817 2856 976 2927; x_wconf 88' lang='lat' dir='ltr'><strong>constaret,</strong></span> <span class='ocrx_word' id='word_1_195' title='bbox 1006 2866 1037 2906; x_wconf 88' lang='lat' dir='ltr'><strong>se</strong></span> <span class='ocrx_word' id='word_1_196' title='bbox 1061 2848 1193 2924; x_wconf 91' lang='lat' dir='ltr'><strong>priorem</strong></span> <span class='ocrx_word' id='word_1_197' title='bbox 1216 2864 1322 2905; x_wconf 89' lang='lat' dir='ltr'><strong>recen-</strong></span> 
     </span>
     <span class='ocr_line' id='line_1_26' title="bbox 145 2943 1320 3024; baseline 0.002 -23"><span class='ocrx_word' id='word_1_198' title='bbox 145 2945 259 3002; x_wconf 91' lang='lat' dir='ltr'><strong>sionem</strong></span> <span class='ocrx_word' id='word_1_199' title='bbox 284 2953 385 3003; x_wconf 90' lang='lat' dir='ltr'><strong>naotos</strong></span> <span class='ocrx_word' id='word_1_200' title='bbox 410 2963 475 3004; x_wconf 89' lang='lat' dir='ltr'><strong>esse</strong></span> <span class='ocrx_word' id='word_1_201' title='bbox 504 2946 589 3004; x_wconf 90' lang='lat' dir='ltr'><strong>initio</strong></span> <span class='ocrx_word' id='word_1_202' title='bbox 609 2945 712 3005; x_wconf 91' lang='lat' dir='ltr'><strong>saltem</strong></span> <span class='ocrx_word' id='word_1_203' title='bbox 736 2944 941 3024; x_wconf 87' lang='lat' dir='ltr'><strong>opinabantur.</strong></span> <span class='ocrx_word' id='word_1_204' title='bbox 982 2944 1045 3003; x_wconf 91' lang='lat' dir='ltr'><strong>lloc</strong></span> <span class='ocrx_word' id='word_1_205' title='bbox 1070 2943 1154 3003; x_wconf 80' lang='lat' dir='ltr'><strong>facile</strong></span> <span class='ocrx_word' id='word_1_206' title='bbox 1181 2944 1320 3021; x_wconf 92' lang='lat' dir='ltr'><strong>quisquis</strong></span> 
     </span>
     <span class='ocr_line' id='line_1_27' title="bbox 145 3039 1321 3122; baseline 0.002 -23"><span class='ocrx_word' id='word_1_207' title='bbox 145 3042 215 3120; x_wconf 89' lang='lat' dir='ltr'><strong>erit,</strong></span> <span class='ocrx_word' id='word_1_208' title='bbox 243 3042 306 3119; x_wconf 91' lang='lat' dir='ltr'><strong>ipse</strong></span> <span class='ocrx_word' id='word_1_209' title='bbox 335 3043 374 3100; x_wconf 91' lang='lat' dir='ltr'><strong>ita</strong></span> <span class='ocrx_word' id='word_1_210' title='bbox 400 3060 466 3100; x_wconf 89' lang='lat' dir='ltr'><strong>esse</strong></span> <span class='ocrx_word' id='word_1_211' title='bbox 494 3040 660 3122; x_wconf 84' lang='lat' dir='ltr'><strong>intelleget,</strong></span> <span class='ocrx_word' id='word_1_212' title='bbox 689 3041 741 3103; x_wconf 92' lang='lat' dir='ltr'><strong>ubi</strong></span> <span class='ocrx_word' id='word_1_213' title='bbox 765 3062 789 3102; x_wconf 88' lang='lat' dir='ltr'><strong>e.</strong></span> <span class='ocrx_word' id='word_1_214' title='bbox 814 3062 840 3121; x_wconf 85' lang='lat' dir='ltr'><strong>g.</strong></span> <span class='ocrx_word' id='word_1_215' title='bbox 869 3043 904 3102; x_wconf 94' lang='lat' dir='ltr'><strong>ad</strong></span> <span class='ocrx_word' id='word_1_216' title='bbox 929 3041 1098 3102; x_wconf 88' lang='lat' dir='ltr'><strong>Callimachi</strong></span> <span class='ocrx_word' id='word_1_217' title='bbox 1122 3040 1158 3100; x_wconf 91' lang='lat' dir='ltr'><strong>de</strong></span> <span class='ocrx_word' id='word_1_218' title='bbox 1181 3039 1321 3101; x_wconf 91' lang='lat' dir='ltr'><strong>Nubibus</strong></span> 
     </span>
     <span class='ocr_line' id='line_1_28' title="bbox 145 3137 1321 3200; baseline 0.002 -4"><span class='ocrx_word' id='word_1_219' title='bbox 145 3140 322 3198; x_wconf 91' lang='lat' dir='ltr'><strong>sententiam</strong></span> <span class='ocrx_word' id='word_1_220' title='bbox 342 3141 372 3198; x_wconf 91' lang='lat' dir='ltr'><strong>iu</strong></span> <span class='ocrx_word' id='word_1_221' title='bbox 392 3137 483 3198; x_wconf 91' lang='lat' dir='ltr'><strong>schol.</strong></span> <span class='ocrx_word' id='word_1_222' title='bbox 504 3138 573 3198; x_wconf 91' lang='lat' dir='ltr'><strong>nub.</strong></span> <span class='ocrx_word' id='word_1_223' title='bbox 598 3159 626 3200; x_wconf 91' lang='lat' dir='ltr'><strong>u.</strong></span> <span class='ocrx_word' id='word_1_224' title='bbox 645 3137 710 3200; x_wconf 78' lang='lat'><strong>552</strong></span> <span class='ocrx_word' id='word_1_225' title='bbox 730 3147 988 3200; x_wconf 89' lang='lat' dir='ltr'><strong>commemoratam</strong></span> <span class='ocrx_word' id='word_1_226' title='bbox 1008 3138 1091 3199; x_wconf 89' lang='lat' dir='ltr'><strong>etad</strong></span> <span class='ocrx_word' id='word_1_227' title='bbox 1111 3137 1321 3198; x_wconf 84' lang='lat' dir='ltr'><strong>Eratosthenis</strong></span> 
     </span>
     <span class='ocr_line' id='line_1_29' title="bbox 145 3230 1322 3317; baseline 0.002 -24"><span class='ocrx_word' id='word_1_228' title='bbox 145 3233 182 3294; x_wconf 90' lang='lat' dir='ltr'><strong>de</strong></span> <span class='ocrx_word' id='word_1_229' title='bbox 205 3235 281 3295; x_wconf 89' lang='lat' dir='ltr'><strong>Pace</strong></span> <span class='ocrx_word' id='word_1_230' title='bbox 307 3237 476 3313; x_wconf 92' lang='lat' dir='ltr'><strong>opinionem</strong></span> <span class='ocrx_word' id='word_1_231' title='bbox 500 3237 531 3294; x_wconf 91' lang='lat' dir='ltr'><strong>in</strong></span> <span class='ocrx_word' id='word_1_232' title='bbox 560 3253 619 3312; x_wconf 84' lang='lat' dir='ltr'><strong>arg.</strong></span> <span class='ocrx_word' id='word_1_233' title='bbox 643 3235 684 3294; x_wconf 96' lang='lat' dir='ltr'><strong>lll</strong></span> <span class='ocrx_word' id='word_1_234' title='bbox 711 3246 859 3297; x_wconf 91' lang='lat' dir='ltr'><strong>seruatam</strong></span> <span class='ocrx_word' id='word_1_235' title='bbox 890 3238 1057 3316; x_wconf 89' lang='lat' dir='ltr'><strong>respexerit</strong></span> <span class='ocrx_word' id='word_1_236' title='bbox 1086 3230 1137 3317; x_wconf 90' lang='lat' dir='ltr'><strong>(de</strong></span> <span class='ocrx_word' id='word_1_237' title='bbox 1161 3253 1217 3313; x_wconf 92' lang='lat' dir='ltr'><strong>qua</strong></span> <span class='ocrx_word' id='word_1_238' title='bbox 1241 3236 1322 3295; x_wconf 85' lang='lat' dir='ltr'><strong>inira</strong></span> 
     </span>
     <span class='ocr_line' id='line_1_30' title="bbox 145 3324 1321 3414; baseline 0.001 -24"><span class='ocrx_word' id='word_1_239' title='bbox 145 3332 240 3392; x_wconf 80' lang='lat' dir='ltr'><strong>fusius</strong></span> <span class='ocrx_word' id='word_1_240' title='bbox 263 3324 488 3413; x_wconf 85' lang='lat' dir='ltr'><strong>disputabitur).</strong></span> <span class='ocrx_word' id='word_1_241' title='bbox 526 3333 599 3392; x_wconf 91' lang='lat' dir='ltr'><strong>lllud</strong></span> <span class='ocrx_word' id='word_1_242' title='bbox 620 3351 702 3412; x_wconf 87' lang='lat' dir='ltr'><strong>uero,</strong></span> <span class='ocrx_word' id='word_1_243' title='bbox 726 3353 822 3414; x_wconf 88' lang='lat' dir='ltr'><strong>neque</strong></span> <span class='ocrx_word' id='word_1_244' title='bbox 847 3336 1019 3395; x_wconf 80' lang='lat' dir='ltr'><strong>scholiastes</strong></span> <span class='ocrx_word' id='word_1_245' title='bbox 1041 3352 1139 3411; x_wconf 87' lang='lat' dir='ltr'><strong>neque</strong></span> <span class='ocrx_word' id='word_1_246' title='bbox 1159 3351 1218 3413; x_wconf 77' lang='lat' dir='ltr'><strong>eoS,</strong></span> <span class='ocrx_word' id='word_1_247' title='bbox 1243 3350 1321 3410; x_wconf 90' lang='lat' dir='ltr'><strong>quos</strong></span> 
     </span>
     <span class='ocr_line' id='line_1_31' title="bbox 144 3429 1321 3511; baseline 0.001 -23"><span class='ocrx_word' id='word_1_248' title='bbox 144 3429 186 3489; x_wconf 94' lang='lat' dir='ltr'><strong>illi</strong></span> <span class='ocrx_word' id='word_1_249' title='bbox 212 3431 303 3490; x_wconf 90' lang='lat' dir='ltr'><strong>duces</strong></span> <span class='ocrx_word' id='word_1_250' title='bbox 327 3429 543 3509; x_wconf 86' lang='lat' dir='ltr'><strong>sequebantur,</strong></span> <span class='ocrx_word' id='word_1_251' title='bbox 575 3438 695 3490; x_wconf 89' lang='lat' dir='ltr'><strong>ueteres</strong></span> <span class='ocrx_word' id='word_1_252' title='bbox 723 3434 902 3511; x_wconf 87' lang='lat' dir='ltr'><strong>interpretes</strong></span> <span class='ocrx_word' id='word_1_253' title='bbox 929 3431 1156 3510; x_wconf 77' lang='lat' dir='ltr'><strong>Alexandriam,</strong></span> <span class='ocrx_word' id='word_1_254' title='bbox 1185 3431 1321 3507; x_wconf 90' lang='lat' dir='ltr'><strong>priorem</strong></span> 
     </span>
     <span class='ocr_line' id='line_1_32' title="bbox 52 3523 1320 3610; baseline 0.001 -25"><span class='ocrx_word' id='word_1_255' title='bbox 52 3523 64 3533; x_wconf 83' lang='lat'>&#39;</span> <span class='ocrx_word' id='word_1_256' title='bbox 145 3526 224 3588; x_wconf 88' lang='lat' dir='ltr'><strong>Pluti</strong></span> <span class='ocrx_word' id='word_1_257' title='bbox 242 3530 448 3588; x_wconf 87' lang='lat' dir='ltr'><strong>recensionem</strong></span> <span class='ocrx_word' id='word_1_258' title='bbox 468 3525 606 3587; x_wconf 91' lang='lat' dir='ltr'><strong>habuisse</strong></span> <span class='ocrx_word' id='word_1_259' title='bbox 625 3534 658 3588; x_wconf 89' lang='lat' dir='ltr'><strong>ut</strong></span> <span class='ocrx_word' id='word_1_260' title='bbox 673 3528 788 3589; x_wconf 87' lang='lat' dir='ltr'><strong>facilius</strong></span> <span class='ocrx_word' id='word_1_261' title='bbox 802 3529 999 3610; x_wconf 86' lang='lat' dir='ltr'><strong>intellegatur,</strong></span> <span class='ocrx_word' id='word_1_262' title='bbox 1018 3528 1148 3605; x_wconf 90' lang='lat' dir='ltr'><strong>primum</strong></span> <span class='ocrx_word' id='word_1_263' title='bbox 1163 3525 1320 3603; x_wconf 89' lang='lat' dir='ltr'><strong>aliquanti·</strong></span> 
     </span>
     <span class='ocr_line' id='line_1_33' title="bbox 145 3621 1320 3706; baseline 0.002 -24"><span class='ocrx_word' id='word_1_264' title='bbox 145 3642 214 3702; x_wconf 90' lang='lat' dir='ltr'><strong>sper</strong></span> <span class='ocrx_word' id='word_1_265' title='bbox 228 3624 415 3685; x_wconf 89' lang='lat' dir='ltr'><strong>redeundum</strong></span> <span class='ocrx_word' id='word_1_266' title='bbox 432 3626 489 3684; x_wconf 88' lang='lat' dir='ltr'><strong>crit</strong></span> <span class='ocrx_word' id='word_1_267' title='bbox 503 3624 538 3683; x_wconf 92' lang='lat' dir='ltr'><strong>ad</strong></span> <span class='ocrx_word' id='word_1_268' title='bbox 550 3624 660 3684; x_wconf 90' lang='lat' dir='ltr'><strong>scholia</strong></span> <span class='ocrx_word' id='word_1_269' title='bbox 676 3625 733 3705; x_wconf 89' lang='lat' dir='ltr'><strong>illa,</strong></span> <span class='ocrx_word' id='word_1_270' title='bbox 753 3646 835 3706; x_wconf 91' lang='lat' dir='ltr'><strong>quae,</strong></span> <span class='ocrx_word' id='word_1_271' title='bbox 847 3633 880 3686; x_wconf 91' lang='lat' dir='ltr'><strong>ut</strong></span> <span class='ocrx_word' id='word_1_272' title='bbox 894 3631 991 3686; x_wconf 89' lang='lat' dir='ltr'><strong>utram&#39;</strong></span> <span class='ocrx_word' id='word_1_273' title='bbox 1006 3625 1126 3684; x_wconf 89' lang='lat' dir='ltr'><strong>Plutum</strong></span> <span class='ocrx_word' id='word_1_274' title='bbox 1141 3621 1320 3684; x_wconf 87' lang='lat' dir='ltr'><strong>scholiastae</strong></span> 
     </span>
     <span class='ocr_line' id='line_1_34' title="bbox 144 3722 1320 3804; baseline 0 -23"><span class='ocrx_word' id='word_1_275' title='bbox 144 3722 294 3802; x_wconf 83' lang='lat' dir='ltr'><strong>legissent,</strong></span> <span class='ocrx_word' id='word_1_276' title='bbox 318 3724 540 3802; x_wconf 84' lang='lat' dir='ltr'><strong>inuestigarem,</strong></span> <span class='ocrx_word' id='word_1_277' title='bbox 564 3740 653 3801; x_wconf 92' lang='lat' dir='ltr'><strong>supra</strong></span> <span class='ocrx_word' id='word_1_278' title='bbox 673 3726 729 3783; x_wconf 90' lang='lat' dir='ltr'><strong>iam</strong></span> <span class='ocrx_word' id='word_1_279' title='bbox 750 3727 888 3804; x_wconf 81' lang='lat' dir='ltr'><strong>tractaui3</strong></span> <span class='ocrx_word' id='word_1_280' title='bbox 911 3742 967 3783; x_wconf 91' lang='lat' dir='ltr'><strong>nec</strong></span> <span class='ocrx_word' id='word_1_281' title='bbox 990 3732 1089 3782; x_wconf 90' lang='lat' dir='ltr'><strong>tamen</strong></span> <span class='ocrx_word' id='word_1_282' title='bbox 1111 3739 1320 3799; x_wconf 88' lang='lat' dir='ltr'><strong>quaecumque</strong></span> 
     </span>
     <span class='ocr_line' id='line_1_35' title="bbox 144 3816 1320 3899; baseline -0.001 -20"><span class='ocrx_word' id='word_1_283' title='bbox 144 3839 233 3899; x_wconf 90' lang='lat' dir='ltr'><strong>snpra</strong></span> <span class='ocrx_word' id='word_1_284' title='bbox 261 3823 319 3879; x_wconf 89' lang='lat' dir='ltr'><strong>iarn</strong></span> <span class='ocrx_word' id='word_1_285' title='bbox 348 3821 484 3899; x_wconf 89' lang='lat' dir='ltr'><strong>exposui,</strong></span> <span class='ocrx_word' id='word_1_286' title='bbox 513 3838 547 3878; x_wconf 90' lang='lat' dir='ltr'><strong>ea</strong></span> <span class='ocrx_word' id='word_1_287' title='bbox 571 3838 651 3881; x_wconf 91' lang='lat' dir='ltr'><strong>nunc</strong></span> <span class='ocrx_word' id='word_1_288' title='bbox 674 3825 772 3881; x_wconf 89' lang='lat' dir='ltr'><strong>omnia</strong></span> <span class='ocrx_word' id='word_1_289' title='bbox 797 3837 1006 3898; x_wconf 83' lang='lat' dir='ltr'><strong>recoquamus,</strong></span> <span class='ocrx_word' id='word_1_290' title='bbox 1033 3818 1084 3878; x_wconf 91' lang='lat' dir='ltr'><strong>sed</strong></span> <span class='ocrx_word' id='word_1_291' title='bbox 1109 3816 1240 3877; x_wconf 91' lang='lat' dir='ltr'><strong>nuncid</strong></span> <span class='ocrx_word' id='word_1_292' title='bbox 1266 3837 1320 3896; x_wconf 93' lang='lat' dir='ltr'><strong>po·</strong></span> 
     </span>
     <span class='ocr_line' id='line_1_36' title="bbox 143 3916 1320 3999; baseline 0.002 -23"><span class='ocrx_word' id='word_1_293' title='bbox 143 3920 290 3978; x_wconf 87' lang='lat' dir='ltr'><strong>tissimum</strong></span> <span class='ocrx_word' id='word_1_294' title='bbox 310 3917 395 3977; x_wconf 91' lang='lat' dir='ltr'><strong>nobis</strong></span> <span class='ocrx_word' id='word_1_295' title='bbox 419 3916 565 3995; x_wconf 84' lang='lat' dir='ltr'><strong>agendum</strong></span> <span class='ocrx_word' id='word_1_296' title='bbox 585 3921 652 3999; x_wconf 91' lang='lat' dir='ltr'><strong>erit,</strong></span> <span class='ocrx_word' id='word_1_297' title='bbox 675 3928 709 3978; x_wconf 91' lang='lat' dir='ltr'><strong>ut</strong></span> <span class='ocrx_word' id='word_1_298' title='bbox 733 3921 776 3978; x_wconf 91' lang='lat' dir='ltr'><strong>eis</strong></span> <span class='ocrx_word' id='word_1_299' title='bbox 794 3937 881 3997; x_wconf 92' lang='lat' dir='ltr'><strong>quam</strong></span> <span class='ocrx_word' id='word_1_300' title='bbox 901 3918 1123 3978; x_wconf 90' lang='lat' dir='ltr'><strong>accuratissime</strong></span> <span class='ocrx_word' id='word_1_301' title='bbox 1143 3917 1320 3978; x_wconf 90' lang='lat' dir='ltr'><strong>examinatis</strong></span> 
     </span>
     <span class='ocr_line' id='line_1_37' title="bbox 145 4015 932 4093; baseline 0.001 -19"><span class='ocrx_word' id='word_1_302' title='bbox 145 4015 180 4074; x_wconf 92' lang='lat' dir='ltr'><strong>ad</strong></span> <span class='ocrx_word' id='word_1_303' title='bbox 204 4017 443 4093; x_wconf 88' lang='lat' dir='ltr'><strong>antiquissimum</strong></span> <span class='ocrx_word' id='word_1_304' title='bbox 467 4017 551 4093; x_wconf 92' lang='lat' dir='ltr'><strong>quasi</strong></span> <span class='ocrx_word' id='word_1_305' title='bbox 575 4015 687 4076; x_wconf 86' lang='lat' dir='ltr'><strong>fontem</strong></span> <span class='ocrx_word' id='word_1_306' title='bbox 710 4016 932 4077; x_wconf 88' lang='lat' dir='ltr'><strong>descendamus.</strong></span> 
     </span>
    </p>
   </div>
   <div class='ocr_carea' id='block_1_7' title="bbox 132 4139 1320 4372">
    <p class='ocr_par' dir='ltr' id='par_1_8' title="bbox 132 4139 1320 4372">
     <span class='ocr_line' id='line_1_38' title="bbox 218 4139 1320 4211; baseline 0.003 -17"><span class='ocrx_word' id='word_1_307' title='bbox 218 4143 243 4210; x_wconf 84' lang='lat'><strong>1)</strong></span> <span class='ocrx_word' id='word_1_308' title='bbox 259 4141 329 4195; x_wconf 83' lang='lat' dir='ltr'><strong>Cum</strong></span> <span class='ocrx_word' id='word_1_309' title='bbox 344 4157 393 4196; x_wconf 89' lang='lat' dir='ltr'><strong>nos</strong></span> <span class='ocrx_word' id='word_1_310' title='bbox 408 4140 460 4194; x_wconf 86' lang='lat' dir='ltr'><strong>illa</strong></span> <span class='ocrx_word' id='word_1_311' title='bbox 470 4142 556 4196; x_wconf 86' lang='lat' dir='ltr'><strong>uerba</strong></span> <span class='ocrx_word' id='word_1_312' title='bbox 571 4159 641 4211; x_wconf 80' lang='lat' dir='ltr'><strong>quae</strong></span> <span class='ocrx_word' id='word_1_313' title='bbox 656 4146 721 4198; x_wconf 78' lang='lat' dir='ltr'><strong>sunt</strong></span> <span class='ocrx_word' id='word_1_314' title='bbox 735 4144 871 4211; x_wconf 79' lang='grc' dir='ltr'><strong><em>πεποίηκε</em></strong></span> <span class='ocrx_word' id='word_1_315' title='bbox 887 4139 919 4195; x_wconf 72' lang='grc' dir='ltr'><strong>δὲ</strong></span> <span class='ocrx_word' id='word_1_316' title='bbox 934 4145 990 4197; x_wconf 77' lang='grc' dir='ltr'><strong>κτλ,</strong></span> <span class='ocrx_word' id='word_1_317' title='bbox 1006 4139 1147 4195; x_wconf 83' lang='lat' dir='ltr'><strong>alibrario</strong></span> <span class='ocrx_word' id='word_1_318' title='bbox 1161 4141 1320 4208; x_wconf 82' lang='lat' dir='ltr'><strong>posteriore</strong></span> 
     </span>
     <span class='ocr_line' id='line_1_39' title="bbox 144 4218 1320 4292; baseline 0.002 -16"><span class='ocrx_word' id='word_1_319' title='bbox 144 4221 255 4277; x_wconf 79' lang='lat' dir='ltr'><strong>adiecta</strong></span> <span class='ocrx_word' id='word_1_320' title='bbox 274 4237 334 4276; x_wconf 85' lang='lat' dir='ltr'><strong>esse</strong></span> <span class='ocrx_word' id='word_1_321' title='bbox 354 4238 525 4291; x_wconf 84' lang='lat' dir='ltr'><strong>censeamus,</strong></span> <span class='ocrx_word' id='word_1_322' title='bbox 543 4223 739 4292; x_wconf 80' lang='lat' dir='ltr'><strong>haecquoque</strong></span> <span class='ocrx_word' id='word_1_323' title='bbox 757 4223 843 4277; x_wconf 88' lang='lat' dir='ltr'><strong>uerba</strong></span> <span class='ocrx_word' id='word_1_324' title='bbox 861 4220 973 4276; x_wconf 85' lang='lat' dir='ltr'><strong>insertis</strong></span> <span class='ocrx_word' id='word_1_325' title='bbox 993 4221 1104 4274; x_wconf 90' lang='lat' dir='ltr'><strong>demum</strong></span> <span class='ocrx_word' id='word_1_326' title='bbox 1123 4218 1180 4272; x_wconf 89' lang='lat' dir='ltr'><strong>illis</strong></span> <span class='ocrx_word' id='word_1_327' title='bbox 1200 4234 1320 4278; x_wconf 88' lang='lat' dir='ltr'><strong>consen-</strong></span> 
     </span>
     <span class='ocr_line' id='line_1_40' title="bbox 132 4297 1320 4372; baseline 0.008 -22"><span class='ocrx_word' id='word_1_328' title='bbox 132 4303 251 4353; x_wconf 78' lang='lat' dir='ltr'><strong>taneum</strong></span> <span class='ocrx_word' id='word_1_329' title='bbox 267 4301 429 4372; x_wconf 79' lang='lat' dir='ltr'><strong>estscripta</strong></span> <span class='ocrx_word' id='word_1_330' title='bbox 443 4304 559 4357; x_wconf 89' lang='lat' dir='ltr'><strong>esseuel</strong></span> <span class='ocrx_word' id='word_1_331' title='bbox 572 4305 694 4370; x_wconf 66' lang='lat' dir='ltr'><strong>mutatam</strong></span> <span class='ocrx_word' id='word_1_332' title='bbox 710 4305 794 4357; x_wconf 81' lang='lat' dir='ltr'><strong>antee</strong></span> <span class='ocrx_word' id='word_1_333' title='bbox 807 4302 924 4356; x_wconf 78' lang='lat' dir='ltr'><strong>tortasse</strong></span> <span class='ocrx_word' id='word_1_334' title='bbox 935 4301 1093 4371; x_wconf 81' lang='lat' dir='ltr'><strong>legebatur:</strong></span> <span class='ocrx_word' id='word_1_335' title='bbox 1113 4297 1175 4368; x_wconf 80' lang='grc' dir='ltr'><strong>πρὸ</strong></span> <span class='ocrx_word' id='word_1_336' title='bbox 1190 4298 1320 4358; x_wconf 80' lang='grc' dir='ltr'><strong>τούτου</strong></span> 
     </span>
    </p>
   </div>
   <div class='ocr_carea' id='block_1_8' title="bbox 112 4374 857 4458">
    <p class='ocr_par' dir='ltr' id='par_1_9' title="bbox 112 4374 857 4458">
     <span class='ocr_line' id='line_1_41' title="bbox 112 4374 857 4458; baseline 0.02 -35"><span class='ocrx_word' id='word_1_337' title='bbox 112 4374 192 4436; x_wconf 69' lang='grc' dir='ltr'><strong>(τοῦ</strong></span> <span class='ocrx_word' id='word_1_338' title='bbox 209 4376 406 4453; x_wconf 65' lang='grc' dir='ltr'><em>δράματος)</em></span> <span class='ocrx_word' id='word_1_339' title='bbox 425 4380 495 4448; x_wconf 71' lang='grc' dir='ltr'><strong>τούς</strong></span> <span class='ocrx_word' id='word_1_340' title='bbox 512 4387 683 4458; x_wconf 79' lang='grc' dir='ltr'><strong><em>Ποταμίους</em></strong></span> <span class='ocrx_word' id='word_1_341' title='bbox 702 4383 857 4440; x_wconf 76' lang='grc' dir='ltr'><strong>διδάσκων.</strong></span> 
     </span>
    </p>
   </div>
   <div class='ocr_carea' id='block_1_9' title="bbox 0 0 1404 4740">
    <p class='ocr_par' dir='ltr' id='par_1_10' title="bbox 0 0 1404 4740">
     <span class='ocr_line' id='line_1_42' title="bbox 0 0 1404 4740; baseline 0 2"><span class='ocrx_word' id='word_1_342' title='bbox 0 0 1404 4740; x_wconf 95' lang='lat' dir='ltr'><strong> </strong></span> 
     </span>
    </p>
   </div>
  </div>
 </body>
</html>
