2798 4740
608 306 828 368 ..94-

133 471 219 545 sequi
242 469 385 546 optimum
416 468 542 528 uidetur.
588 466 660 526 Nam
685 471 824 546 quoniam
851 490 986 550 uersum,
1015 472 1066 548 qui
1094 489 1173 531 nunc
1196 469 1310 549 legitur

131 568 162 625 in
191 565 357 646 codicibuS,
385 573 559 644 corruptum
588 583 654 624 esse
683 569 754 626 satis
783 577 912 649 constat,
941 568 1025 629 facile
1050 570 1174 646 cogitari
1196 576 1309 650 potest,

132 662 357 723 scholiastarum
386 662 570 741 temporibus
599 669 756 742 utramque
785 665 956 744 lectionem,
989 673 1019 726 et
1046 665 1153 725 bonam
1181 673 1212 725 et
1239 684 1307 724 cor·

131 769 258 840 ruptam,
283 779 340 820 urta
359 762 390 820 in
410 760 563 820 codicibus
583 762 740 842 exstitisse,
765 765 794 822 in
814 763 861 822 bis
881 763 1011 843 alteram,
1035 762 1158 823 alteram
1176 765 1208 823 in
1228 762 1308 843 aliis3

133 860 299 936 posteriore
336 858 442 918 deiude
480 863 575 917 aetate
613 856 751 918 meliores
789 861 907 921 codices
945 861 1150 942 intercidisse,
1186 862 1308 940 peiores

131 959 288 1036 mansisse,
321 957 400 1017 unde
433 959 520 1017 etiam
553 959 648 1017 nostri
677 959 794 1018 codices
827 959 988 1038 pendeant3
1019 970 1172 1019 auctorem
1205 968 1309 1019 autem

132 1051 221 1113 buius
246 1053 359 1136 scholii,
383 1057 433 1132 qui
456 1063 613 1133 utramque
637 1045 793 1115 lectionem
819 1058 945 1136 nouerit,
969 1055 1117 1135 quomodo
1138 1059 1308 1136 scripturae

132 1151 329 1230 discrepantia
354 1155 492 1232 euaserit,
512 1171 570 1212 non
591 1157 787 1232 perspexisse,
810 1155 910 1231 itaque
930 1153 1104 1213 coniciendo
1123 1155 1195 1214 item
1215 1163 1308 1232 atque

132 1268 206 1327 quos
234 1258 389 1310 enumerat
416 1249 651 1311 Heldermannus
679 1271 707 1330 p.
731 1247 863 1331 9-15,
892 1252 1014 1312 alteram
1042 1254 1149 1331 priori,
1180 1251 1309 1312 alteram

131 1349 293 1424 posteriori
315 1346 401 1408 Pluto
425 1348 581 1424 tribuisse,
605 1358 638 1409 ut
662 1349 764 1408 saltem
789 1348 925 1430 haberet,
950 1350 1029 1428 quod
1053 1350 1174 1409 diceret.

626 1633 742 1710 Caput
759 1636 809 1696 lV.

244 1771 303 1835 De
327 1771 582 1852 fragmentis
606 1772 717 1852 apud
743 1773 968 1852 scriptores
993 1771 1182 1837 seruabis

220 1917 323 1977 Adbuc
347 1920 437 1995 igitur
461 1917 575 1977 nullum
598 1916 696 1977 locum
720 1920 890 1978 inuenimus
914 1917 1015 1998 talem,
1040 1936 1099 1996 quo
1123 1919 1305 1977 sententiam

134 2021 266 2073 nostram
290 2018 422 2092 proxima
446 2026 529 2093 parte
554 2014 736 2094 explanatam
756 2023 871 2074 mutare
890 2034 1080 2094 cogeremur·;
1104 2008 1184 2075 nunc
1204 2015 1306 2074 uidea-

131 2131 210 2192 mus,
239 2131 309 2173 num
338 2113 510 2192 fragmentis
541 2115 597 2191 eis,
628 2131 702 2190 quae
733 2123 850 2173 seruata
878 2124 994 2173 exstant
1017 2114 1047 2172 in
1071 2112 1200 2172 Pollucis
1225 2112 1304 2172 Ono-

130 2213 266 2290 mastico,
303 2210 411 2270 Suidae
443 2211 550 2290 lexico,
588 2208 787 2288 Etymologico
821 2210 941 2289 Magno,
975 2211 1102 2271 Belikeri
1141 2210 1304 2269 Anecdotis

132 2306 261 2387 Graecis,
285 2308 389 2368 adduci
414 2310 571 2387 possimus,
596 2316 628 2367 ut
652 2326 767 2368 errasse
792 2326 846 2367 nos
870 2309 1064 2368 confiteamur·
1084 2316 1114 2367 ct
1132 2308 1304 2368 Alexandri·

77 2475 79 2479 ,
129 2423 236 2464 norum
256 2406 440 2483 temporibus
459 2406 531 2480 duas
545 2404 647 2464 Plutos
666 2408 815 2466 exstitisse
838 2405 923 2465 uobis
938 2406 1179 2484 persuadeamus.
1216 2406 1305 2476 Quod

130 2511 164 2562 ut
187 2506 417 2584 perspiceretur,
441 2506 499 2564 nisi
521 2503 653 2563 lloclrius
676 2506 785 2564 iterum
808 2521 841 2562 ac
866 2502 1051 2583 BlaydesiuS,
1076 2505 1304 2564 recentissimus

129 2600 363 2679 fragmentorum
396 2603 505 2684 editor,
538 2603 636 2661 omnia
663 2601 742 2662 Pluti
774 2618 893 2678 quoque
927 2618 1002 2678 quae
1035 2610 1098 2661 tum
1128 2599 1304 2661 ferebantur

129 2698 255 2758 frustula
283 2710 432 2778 tamquam
461 2702 588 2777 genuina
618 2705 856 2776 cntrmerassent,
888 2697 1064 2757 breuissima
1097 2699 1224 2757 fortasse
1253 2716 1303 2757 ex·

128 2793 294 2872 planatione
314 2816 389 2876 opus
408 2807 496 2877 esset,
516 2815 572 2875 qua
591 2796 664 2855 haec
684 2797 846 2873 fragmenta
865 2797 922 2853 iam
943 2795 1055 2856 dudum
1074 2814 1090 2854 a
1109 2797 1184 2855 uiris
1204 2796 1303 2857 doctis

38 2944 42 2955 ,
129 2895 168 2952 ita
192 2896 221 2952 in
247 2896 444 2972 suspicionem
470 2901 574 2952 uocata
598 2911 663 2952 esse
688 2901 897 2972 exponeretur,
921 2902 1077 2953 uteorum
1098 2911 1187 2972 unus,
1212 2892 1244 2953 C.
1269 2894 1303 2956 F.

129 2989 315 3049 Hermannus
344 2992 375 3049 in
403 2988 479 3049 libro
507 2988 624 3049 laudato
653 3007 770 3048 omnem
799 2989 860 3048 fere
888 2989 946 3050 illis
976 2992 1148 3068 fragmentis
1172 2993 1303 3051 auctori·

129 3094 217 3147 tatem
247 3087 394 3166 iidemque
422 3087 578 3166 abrogaret
605 3086 652 3145 bis
680 3086 742 3146 fere
771 3085 886 3147 uerbis:
915 3090 941 3146 si
967 3098 1087 3167 praeter
1111 3107 1204 3148 unum
1227 3088 1304 3148 illud

128 3186 326 3263 fragmentum
355 3205 370 3244 e
400 3183 490 3244 sebol.
513 3184 586 3243 Rau.
613 3180 698 3243 1125
721 3183 910 3262 desumptum
935 3185 988 3244 alia
1013 3204 1131 3264 quoque
1156 3184 1305 3245 uocabula

128 3281 214 3343 Pluto
234 3282 348 3343 fabulae
368 3283 542 3362 simpliciter
561 3280 811 3361 adscriberentur,
831 3300 935 3341 eorunr
956 3301 1015 3341 non
1030 3282 1126 3342 solum
1142 3299 1305 3342 numerum

128 3379 220 3440 multo
249 3383 393 3439 minorem
424 3399 489 3440 esse
519 3396 607 3457 quam
635 3386 667 3437 ut
691 3381 766 3438 certi
790 3379 950 3458 quidquam
974 3398 1010 3437 ex
1035 3383 1077 3438 eis
1102 3381 1305 3460 coniceretur,

129 3477 180 3537 sed
204 3480 291 3536 etiam
315 3481 521 3538 auctoritatem
546 3485 699 3554 tantopere
724 3475 876 3556 uacillare,
906 3486 939 3536 ut
967 3495 1026 3536 non
1049 3476 1185 3554 pluribus
1211 3495 1306 3555 quam

128 3575 244 3636 duobus
259 3574 306 3634 uel
327 3575 423 3634 tribus
438 3574 535 3653 aliqua
551 3574 625 3634 fides
643 3573 746 3633 haberi
765 3576 868 3652 possit.
876 3568 900 3654 1)
938 3572 1001 3632 Tali
1019 3577 1110 3652 igitur
1129 3576 1305 3653 suspicione

127 3675 214 3733 nixus
248 3671 383 3732 facillime
415 3674 482 3750 quis
515 3671 686 3732 labefactam
724 3674 782 3730 iam
819 3672 1053 3750 fragmentorum
1091 3669 1305 3734 auctoritatem

199 3907 224 3974 1)
249 3906 321 3960 ‘und
346 3922 427 3961 wenn
450 3906 509 3960 sich
533 3904 605 3960 auch
628 3903 701 3958 noch
726 3903 826 3957 andere
845 3904 958 3958 Wdrber
981 3902 1031 3956 hin
1054 3903 1111 3956 und
1128 3905 1234 3959 wieder
1253 3923 1306 3963 aus

126 3987 188 4039 dem
208 3984 305 4038 Plutos
325 3984 502 4039 schlechbhin
521 3986 615 4040 citierb
632 3984 737 4050 finden,
763 3982 808 4036 die
832 3983 862 4035 in
885 3983 949 4036 dem
971 3983 1120 4053 unserigen
1139 3983 1305 4041 1111111101-

125 4067 267 4131 kommen,
286 4082 317 4119 so
336 4066 399 4119 sind
419 4067 504 4120 deren
522 4067 595 4121 doeh
614 4064 693 4120 nicht
712 4061 797 4118 allein
816 4060 873 4116 viel
892 4082 924 4117 zu
943 4064 1058 4133 wenige,
1077 4080 1125 4116 um
1138 4064 1241 4133 irgend
1256 4066 1305 4120 ein

126 4143 219 4199 kleres
236 4144 299 4197 Bild
318 4162 351 4197 zu
370 4144 526 4213 gewbhren,
547 4145 665 4199 sondern
685 4144 801 4198 manche
820 4143 954 4197 timenter
972 4150 1074 4212 mdgen
1094 4142 1166 4198 euch
1185 4144 1237 4197 auf
1254 4145 1304 4198 ab·

125 4224 306 4280 weichenden
320 4222 460 4291 Losorion,
480 4225 596 4280 manche
616 4225 666 4278 suf
681 4238 847 4292 ungeneuen
865 4224 1001 4290 Angaben
1021 4224 1165 4278 desselben
1185 4223 1304 4294 Zeugen

110 4299 246 4368 heroden,
268 4321 302 4356 so
321 4304 389 4357 dass
407 4302 561 4359 bdchstens
580 4301 649 4358 zuei
667 4304 733 4357 oder
752 4303 812 4358 drei
830 4302 977 4358 desselben
995 4303 1048 4357 mit
1067 4302 1174 4373 einiger
1189 4303 1304 4360 Sicher-

89 4370 157 4425 hait
173 4377 221 4428 als
241 4382 488 4440 untersebeidend
509 4387 555 4441 fiir
576 4386 631 4442 den
651 4389 748 4441 ersten
763 4384 864 4439 Plubos
883 4385 980 4453 gellen
993 4383 1116 4450 ramgeri!
