2798 4740
577 327 794 390 ..73-

98 494 224 552 iormam
248 493 470 569 integerrimam
494 490 579 550 iacile
604 498 734 551 statuere
757 488 827 549 licet
851 489 970 549 scholiis
993 491 1089 568 primo
1113 509 1146 550 ao
1167 498 1272 569 qararto

96 592 177 650 inter
197 608 229 649 se
250 591 435 667 comparatis
473 587 613 668 Exceptis
632 589 712 648 enim
731 588 835 666 primis
860 589 1016 667 utriusque
1043 587 1147 648 scholii
1170 589 1273 649 uerbis

96 688 167 748 inde
197 706 213 746 a
243 686 394 747 uocabulis
425 677 470 758 ὡς
498 687 603 767 εἴτις
631 679 722 764 λέγει
750 688 848 746 omnia
876 685 912 746 ad
946 685 1071 745 uerbum
1105 695 1274 764 congruunt

97 804 166 846 oum
196 784 307 845 scholio
338 787 516 864 posteriore,
550 784 629 862 quod
658 784 820 844 seeundum
850 801 917 843 eum
946 785 998 861 qui
1027 785 1056 842 in
1090 783 1271 844 scholiorum

96 883 272 943 collectione
296 882 427 942 Parisina
455 889 594 959 receptus
623 890 669 941 εει
696 881 831 941 ordinem
859 883 963 958 incipit
991 900 1007 940 a
1036 879 1188 943 lineato:
1217 882 1273 942 καὶ

97 977 135 1042 ἐν
158 977 198 1061 τῇ
221 970 346 1040 Ἰλιάδι.
391 979 531 1039 Praetera
555 978 679 1039 dubium
704 997 762 1038 non
787 988 845 1059 est,
869 982 941 1057 quin
963 979 1023 1039 huc
1047 979 1190 1039 trahenda
1213 982 1273 1040 sint

97 1080 187 1138 etiam
211 1077 301 1137 uerba
326 1095 400 1155 qrrae
425 1085 507 1138 sunt:
531 1066 551 1155 ἢ
577 1068 629 1137 ὅτι
653 1067 670 1136 ὁ
696 1069 756 1156 μὲν
781 1071 964 1149 Διονύσιος
987 1069 1164 1157 τύραννος,
1187 1078 1271 1157 Θρα-

97 1168 264 1254 σύβουλος
288 1167 325 1235 δὲ
349 1167 539 1254 δημοφιιής
562 1181 592 1234 ει
616 1173 726 1233 scholia
752 1176 888 1252 qrrintum
912 1183 942 1236 ot
966 1177 1125 1252 septimum
1148 1183 1179 1235 et
1198 1177 1272 1234 sexti

97 1272 266 1352 dimidium,
300 1272 425 1333 alterum
458 1272 612 1332 dimidium
645 1270 679 1330 ad
715 1272 843 1349 primum
877 1290 971 1350 genus
1000 1271 1189 1331 referendum
1218 1279 1271 1332 est.

97 1370 178 1430 Haec
206 1369 315 1430 scholia
346 1371 442 1429 omnia
471 1388 539 1429 cum
567 1367 669 1429 uerbis
700 1375 761 1428 tum
791 1369 881 1429 rebus
911 1377 970 1429 tam
998 1367 1103 1427 similia
1132 1371 1210 1430 inter
1239 1388 1271 1429 se

98 1474 181 1545 suut,
214 1474 247 1527 ut
275 1468 340 1526 sine
371 1466 460 1526 dubio
489 1486 524 1526 ex
553 1466 657 1525 eodem
686 1467 772 1544 qtrasi
799 1467 880 1526 fonte
909 1467 1042 1526 deriuata
1076 1485 1108 1525 ea
1138 1485 1203 1526 esse
1232 1470 1272 1528 ita

98 1564 263 1644 putandum
286 1566 338 1642 sit,
361 1571 395 1625 ut
417 1564 507 1624 huius
532 1563 635 1623 scholii
660 1549 763 1623 auctor
784 1563 869 1642 plura
894 1562 1074 1642 diligentius,
1098 1564 1177 1625 illius
1201 1584 1271 1644 pau·

45 1736 53 1749 ,
101 1664 182 1722 ciora
206 1661 411 1740 neglegentius
437 1662 627 1739 excerpserit.

188 1760 357 1838 Dispertitis
384 1777 463 1818 nnnc
490 1758 580 1819 huius
609 1777 727 1837 quoque
756 1761 875 1836 generis
904 1758 1025 1818 scholiis
1054 1761 1142 1820 etiam
1165 1780 1202 1822 ex
1224 1762 1272 1823 his

98 1858 284 1937 colligamus,
313 1857 459 1935 quomodo
488 1876 591 1917 eorum
619 1860 734 1936 primus
762 1865 866 1917 auctor
895 1857 931 1916 de
956 1855 1139 1935 Thrasybulo
1164 1863 1273 1939 cogita·

99 1958 187 2036 uerit,
212 1974 270 2034 quo
290 1955 470 2015 luculentius
490 1949 629 2034 appareat
648 1962 728 2015 recte
748 1973 781 2014 ea
801 1974 876 2033 quae
897 1953 994 2014 adbuc
1014 1959 1141 2017 tractaui
1162 1958 1273 2018 scholia

98 2056 129 2113 iu
154 2053 212 2113 duo
236 2071 345 2131 genera
368 2053 462 2112 diuisa
487 2071 583 2131 neque
607 2052 642 2111 ad
666 2070 759 2112 unum
783 2051 873 2112 relata
898 2070 973 2112 esse.
1019 2051 1056 2112 Vt
1083 2055 1162 2113 enim
1190 2054 1272 2115 illius

99 2151 371 2211 Ecclesiazusarum
404 2150 509 2210 scholii
535 2158 689 2228 parentem
717 2151 804 2210 etiam
834 2150 999 2211 secundum
1028 2152 1208 2230 tertiumque
1237 2155 1272 2212 ad

98 2247 177 2308 Plut.
201 2243 266 2308 550
290 2247 400 2307 scholia
424 2248 627 2326 composuisse
651 2247 812 2308 similitudo
837 2250 992 2326 docuerat,
1021 2250 1060 2309 ita
1089 2267 1105 2307 a
1132 2268 1191 2327 quo
1215 2251 1271 2311 boc

99 2352 279 2423 conceptum
310 2352 369 2425 est,
397 2364 465 2405 eum
493 2352 575 2405 certe
603 2363 661 2404 non
690 2348 846 2425 scripsisse
874 2346 996 2406 alterius
1020 2349 1138 2423 generis
1162 2348 1273 2409 scholia

99 2444 308 2505 dissimilitudo
328 2442 506 2503 iudiciorum
527 2443 562 2503 de
577 2443 761 2523 Thrasybulo
782 2445 927 2505 laetorum
940 2443 1138 2523 Dionysioque
1159 2445 1273 2509 clamat.

101 2541 163 2612 Qui
184 2543 261 2600 enim
286 2543 408 2620 cogitari
432 2548 543 2620 potest,
572 2540 608 2600 ab
637 2540 740 2601 eodem
765 2550 886 2602 auctore
910 2540 1036 2601 eundem
1061 2544 1161 2602 uirum
1186 2544 1271 2603 modo

98 2630 337 2716 ἀξιωματικόν,
362 2629 515 2716 αὐθάδη,
538 2628 728 2717 ὑπερόπτην
751 2637 813 2699 τοῦ
837 2631 955 2718 δήμου,
980 2637 1065 2697 modo
1091 2636 1272 2721 δημοφιλῆ,

98 2731 243 2816 ἐραστὴν
272 2740 330 2815 τῆς
360 2734 599 2815 δημοκρατίας,
627 2728 822 2815 φιλόπολιν,
851 2727 975 2806 παντὸς
1004 2728 1108 2814 λόγου
1134 2735 1271 2817 κρείττω

99 2829 263 2911 appellari?
298 2832 356 2892 Sed
381 2834 451 2911 quid
476 2830 602 2912 loquor?
626 2833 752 2895 eundem
778 2837 877 2896 uirum
900 2842 1019 2911 tamque
1043 2833 1271 2898 celeberrimum

98 2934 132 2990 in
160 2932 379 2991 aestimationes
408 2939 468 2991 tam
493 2939 555 2991 toto
579 2931 659 2991 eaelo
684 2932 818 2992 diuersas
841 2935 997 3010 incuprere
1021 2949 1119 2993 nonne
1144 2934 1192 2994 uel
1216 2935 1272 2996 hoc

98 3047 243 3108 perquam
279 3031 344 3088 tueri
378 3028 519 3088 dissimile
553 3026 619 3089 est?
668 3029 739 3090 Mihi
772 3030 892 3108 quidem
925 3028 1058 3107 uidetur,
1096 3049 1272 3110 quamquam

97 3125 338 3204 Frohbergerus,
365 3125 507 3205 Philolog.
533 3124 582 3207 17,
605 3125 670 3188 446
695 3127 729 3186 ad
760 3127 886 3188 eundem
910 3128 1007 3186 omnia
1031 3130 1143 3205 patriae
1167 3129 1272 3190 libera·

99 3233 196 3286 torem
217 3226 366 3303 pertinere
387 3226 502 3304 statuit;
521 3232 609 3303 atque
628 3227 668 3285 ita
687 3233 721 3285 ut
739 3223 812 3284 mihi
831 3225 979 3304 uideatur,
997 3223 1070 3284 illud
1085 3228 1273 3304 potissimum

99 3340 148 3382 me
173 3321 300 3400 adducit,
325 3321 403 3399 quod
428 3339 502 3400 quae
527 3322 644 3401 collegit
662 3322 886 3400 Frolrbergerus
906 3322 942 3382 de
963 3321 1146 3401 Thrasybulo
1164 3323 1273 3385 iudicia

99 3421 215 3498 iniqua,
246 3438 280 3478 ea
309 3420 371 3478 lere
400 3421 496 3478 omnia
525 3430 644 3498 praeter
667 3419 770 3498 Lysiae
799 3422 948 3480 orationes
977 3418 1023 3478 bis
1048 3419 1273 3482 scholiastarum

98 3518 280 3578 testimoniis
309 3518 507 3578 continentur.
559 3517 740 3579 Scholiastae
773 3525 887 3597 autem,
921 3518 1059 3595 quoniam
1094 3536 1129 3577 ex
1161 3519 1272 3580 Aristo·

98 3615 207 3694 phanis
237 3614 338 3674 uerbis
370 3631 517 3692 nusquam
549 3624 683 3694 apparet,
715 3622 815 3676 utrum
846 3614 1021 3693 Collytensis
1052 3633 1088 3674 an
1120 3615 1273 3677 Stiriensis

99 3712 318 3790 intellegendus
347 3714 399 3792 sit,
429 3730 527 3772 nonne
556 3715 643 3772 etiam
673 3712 708 3773 de
733 3712 893 3793 Collytensi
923 3714 1052 3789 cogitare
1081 3711 1115 3771 ad
1145 3719 1273 3792 eramque

101 3812 282 3890 pertinentia
307 3809 445 3888 colligere
469 3817 639 3889 potuerunt,
664 3811 700 3870 de
725 3830 782 3889 quo
807 3829 876 3871 sane
902 3809 979 3888 apud
1003 3807 1120 3887 Lysiam
1143 3801 1272 3892 (26,13

101 3915 132 3968 ει
160 3903 230 3988 23),
261 3905 437 3967 Aeschinem
461 3902 609 3988 (ctesiph.
638 3907 667 3984 ξ.
692 3903 785 3988 138),
813 3906 1040 3967 Demosthenem
1071 3900 1116 3988 (in
1143 3907 1271 3968 Timoor.

99 4025 128 4084 p.
155 4002 227 4085 742,
255 4004 284 4082 ἕ.
311 4001 387 4085 134)
420 4004 487 4064 talia
520 4007 678 4065 memoriae
711 4005 826 4084 prodita
859 4013 941 4084 sunt,
978 4013 1013 4064 ut
1046 4004 1270 4066 scholiastarum

100 4102 210 4164 iudicia
229 4104 329 4180 iniqua
349 4120 407 4161 non
427 4105 520 4182 magis
538 4103 573 4162 ad
594 4102 768 4163 Stiriensem
788 4122 875 4182 qttam
896 4104 931 4163 ad
949 4102 1146 4181 Collytensem
1165 4104 1273 4163 relerri

102 4202 226 4280 possint.
273 4199 330 4260 Sed
355 4218 413 4261 non
439 4208 485 4261 cst
507 4209 557 4262 aut
581 4219 680 4261 meum
704 4210 754 4262 aut
776 4202 866 4262 huius
890 4201 948 4260 loci
970 4199 1045 4260 bano
1071 4202 1272 4277 comestionem

104 4299 280 4377 diiudicare3
309 4300 380 4359 satis
404 4306 449 4359 est
473 4317 537 4358 eam
559 4300 701 4377 tetigisse.
747 4298 790 4358 Ad
815 4299 853 4379 id,
877 4298 954 4377 quod
979 4295 1064 4356 nobis
1087 4300 1280 4374 propositum

103 4405 175 4473 erat,
204 4397 278 4455 satis
301 4396 439 4460 ellectum
464 4398 535 4479 erit,
564 4396 632 4481 ubi,
660 4399 688 4460 si
709 4417 775 4460 non
794 4400 831 4460 in
852 4397 950 4459 altero
972 4392 1170 4452 emotum
1189 4402 1310 4460 essm

1373 4506 1383 4645 i
