2798 4740
558 317 776 380 ..77-

76 484 279 562 cerpsissent,
308 499 341 541 ea
365 481 501 540 omisisse
525 480 620 560 dicas,
649 498 723 557 quae
747 478 790 538 illi
814 478 851 538 de
875 486 1042 557 temporum
1066 480 1180 538 ratione
1203 477 1252 538 ad·

75 587 273 661 notauerant;
296 579 349 639 sed
372 578 428 638 boc
451 580 517 638 ueri
541 584 652 656 quanto
675 576 849 636 dissimilius
873 584 926 637 est.

171 677 200 755 ἓ.
221 675 250 738 6.
279 676 387 736 Verum
411 676 461 735 bic
485 674 664 753 aliquamdiu
688 675 910 734 consistendum
936 670 1101 752 estusque
1125 682 1192 734 ante
1217 675 1253 734 ad

76 785 180 837 cetera
213 777 340 835 transire
372 792 544 853 possumus,
579 791 666 851 quam
700 773 737 831 de
770 771 881 832 scbolio
916 790 960 851 eo,
991 770 1070 849 quod
1099 771 1133 830 ad
1163 770 1252 849 expli·

76 874 207 934 candum
237 869 469 934 nersum1194
498 872 695 949 compositum
723 877 782 949 cst,
810 868 902 929 uerba
930 869 1098 928 fecerimus.
1145 868 1188 927 lbi
1217 868 1253 928 ad
1306 928 1309 933 ,

76 971 230 1050 Chreirryli
254 969 347 1031 trcrba
371 987 445 1048 quae
470 977 553 1029 sunt:

319 1101 392 1172 ἄλλ’
415 1103 538 1172 ἐκδότω
562 1129 611 1183 τις
635 1107 735 1189 δεῦρο
760 1105 866 1190 δᾷδας
888 1100 1036 1189 ἡμμένας
1068 1097 1070 1101 ’

78 1255 157 1314 haec
185 1253 340 1332 explicatio
369 1271 384 1312 a
413 1253 579 1313 scholiastis
607 1253 738 1331 apposita
763 1260 824 1311 est:
857 1241 908 1310 ὅτι
932 1242 1139 1330 Λυκόφρων,
1169 1240 1212 1323 ὡς
1236 1242 1253 1312 ὁ

75 1345 326 1431 Ἐρατοσθένης
358 1345 477 1430 φησὶν,
509 1341 606 1434 ᾠήθη
640 1346 772 1428 πρῶτον
804 1345 925 1407 τοῦτον
959 1334 1064 1430 δᾷδας
1090 1338 1254 1429 ᾐτηκέναι.

79 1447 241 1528 πεποίηκε
266 1440 303 1508 δὲ
321 1441 376 1508 καὶ
395 1442 431 1508 ἐν
448 1439 758 1527 Ἐκκλησιαζούσαις
776 1436 867 1505 αὐτό.
906 1435 990 1506 άλλδι
1009 1436 1073 1524 γάρ
1093 1438 1255 1525 Στράττις

78 1535 147 1623 πρὸ
172 1533 371 1625 άμφοτέρωυ
395 1537 524 1605 τούτων
546 1535 624 1616 τοὺς
647 1542 840 1623 Ποταμίους
863 1535 1033 1603 διδάσκων
1060 1540 1107 1615 εἰς
1132 1536 1255 1603 Φιλόλ-

78 1642 158 1701 λιον
182 1632 342 1721 ἀναφέρει
365 1634 402 1703 τὸ
425 1640 574 1722 πρᾶγμα·

317 1774 411 1863 ὑμεῖς
433 1804 468 1845 τε
491 1776 612 1855 πάντες
636 1773 711 1856 ἔξιτ’
738 1776 790 1844 tut
812 1776 851 1844 τὸ
875 1775 1025 1877 Πύθιον,

319 1873 393 1942 ὅσοι
416 1874 555 1962 πάρεστε
579 1872 623 1961 μὴ
647 1873 805 1959 λαβόντες
828 1875 1001 1960 λαμπάδας

318 1969 396 2058 μηδ’
418 1970 500 2039 άλλο
524 1971 629 2058 μηδὲν
654 1971 815 2058 ἐχόμενον
842 1977 1033 2039 Φιλυλλίου.

79 2120 116 2179 ln
149 2120 296 2180 annalium
330 2124 408 2180 enim
442 2139 558 2200 eorum,
596 2120 704 2199 quibus
737 2138 843 2179 nomen
877 2122 1049 2199 impositum
1082 2128 1128 2181 est
1161 2116 1254 2180 ‘Lue-

79 2217 231 2278 rariscbes
255 2213 468 2298 Centralblatt',
491 2217 643 2278 uolumine
667 2218 735 2276 anni
761 2214 843 2277 1881
870 2216 1072 2297 Bambergius,
1098 2217 1255 2295 aliquando

81 2316 223 2393 magister
250 2334 335 2376 meus
363 2317 621 2397 ueneratissimuS,
650 2325 679 2375 et
706 2315 848 2375 indicium
878 2323 907 2376 et
939 2316 1083 2376 indicium
1116 2317 1186 2376 lecit
1219 2316 1255 2376 de

81 2413 265 2472 comicorum
285 2413 450 2473 Atticorum
470 2414 703 2491 fragmentorum
723 2412 896 2473 collectione
917 2413 1065 2473 llockiana
1088 2422 1176 2492 atquc
1200 2413 1256 2473 sub

82 2507 173 2568 tinem
201 2511 265 2568 cius
293 2528 438 2570 censurae
468 2512 508 2570 ita
536 2510 599 2570 fere
627 2511 805 2590 disputauit:
835 2510 985 2570 Strattidis
1010 2511 1151 2589 tabulam,
1181 2530 1255 2590 qnae

85 2607 266 2668 inscribatur
285 2602 462 2686 Ποτάμιοι,
481 2614 548 2667 ante
568 2608 604 2667 ol.
625 2605 676 2688 92,
695 2605 716 2666 4
736 2635 778 2656 =
797 2605 861 2669 408
881 2611 911 2667 in
932 2626 1049 2668 scenam
1070 2611 1255 2668 commissam

82 2721 152 2764 esse
175 2724 210 2765 ex
235 2705 346 2766 scholio
366 2704 402 2765 ad
421 2703 497 2764 Plut.
517 2723 546 2765 u.
567 2702 652 2766 1194
676 2707 845 2782 conscripto
868 2704 1045 2765 concludere
1070 2724 1128 2765 non
1152 2705 1257 2786 licere;

81 2801 127 2862 ibi
146 2821 205 2863 non
225 2803 261 2862 de
279 2805 390 2883 priore,
414 2803 465 2862 sed
486 2802 521 2862 de
542 2803 632 2863 altera
651 2802 729 2863 Ploti
753 2802 882 2863 editione
907 2804 961 2881 agi,
984 2804 1084 2881 itaque
1105 2802 1256 2863 Strattidis

80 2898 278 2978 Ποταμίους
300 2918 359 2959 non
384 2907 450 2960 ante
475 2900 510 2959 ol.
531 2897 583 2982 92,
601 2897 622 2960 4
642 2928 684 2950 --
703 2897 778 2980 408,
802 2899 854 2959 sed
876 2906 943 2959 ante
963 2899 1000 2959 ol.
1020 2897 1071 2980 97,
1089 2898 1112 2960 4
1131 2927 1172 2948 =
1192 2897 1256 2960 388

80 2997 134 3056 uel
153 3005 219 3057 ante
233 2996 503 3056 Ecclesiazusarum
523 2999 760 3057 commissionem
780 2998 895 3058 doctam
916 3015 989 3058 esse.
998 2990 1023 3080 ¹)
1057 2996 1135 3058 llaec
1155 2996 1255 3078 uerba,

80 3095 262 3172 praesertim
286 3112 354 3153 cum
378 3094 510 3172 prolecta
530 3102 630 3155 essent
649 3114 664 3153 a
685 3097 825 3174 magistro
844 3114 920 3176 meo,
944 3098 1030 3156 cuius
1049 3104 1157 3174 quanta
1177 3103 1256 3154 esset

79 3192 197 3270 ingenii
216 3193 302 3271 acieS,
321 3190 399 3251 band
419 3193 596 3271 ignorarem,
619 3195 715 3271 primo
736 3193 854 3272 quidem
875 3193 947 3253 adeo
968 3192 1039 3252 mibi
1057 3192 1257 3271 imponebant,

80 3296 118 3348 ut
144 3294 205 3347 tota
229 3307 292 3347 mea
317 3291 464 3348 sententia
487 3307 546 3348 non
570 3289 708 3350 uacillare
733 3291 837 3371 solum,
862 3291 913 3351 sed
933 3308 1075 3350 corruere
1094 3290 1257 3351 uideretur.

80 3384 144 3444 Sed
174 3403 242 3445 cum
269 3387 335 3445 fieri
362 3388 493 3464 potuisse
525 3387 605 3447 nullo
633 3388 720 3449 modo
748 3388 928 3467 persuadere
958 3388 1030 3447 mibi
1058 3406 1191 3468 possem,
1224 3397 1257 3447 ut

79 3488 242 3562 postquam
271 3483 362 3542 semel
390 3502 460 3544 nera
489 3483 524 3543 ab
552 3484 748 3547 Eratosthene
782 3489 902 3546 iuuenta
933 3495 1046 3566 essent,
1079 3484 1256 3563 quibuscum

80 3581 184 3639 omnia
198 3581 307 3660 optime
322 3590 530 3661 congruerent,
553 3600 585 3641 ca
604 3584 640 3643 ab
659 3583 905 3663 Aristophanibns
920 3582 1066 3661 Byzantiis
1081 3582 1256 3643 Aristarchi-

80 3695 145 3756 que
172 3677 325 3757 discipulis
353 3687 440 3756 atque
464 3678 593 3757 Didymis
622 3683 652 3740 in
681 3680 874 3742 dissimillima
905 3682 969 3740 ueri
994 3687 1258 3758 commutarentur,

81 3773 196 3853 quibus
220 3793 352 3835 summae
376 3774 565 3835 difficultates
589 3777 741 3839 obstarent
760 3797 828 3839 cum
848 3780 1153 3856 eisquexconsentirct
1172 3777 1258 3837 nibil:

78 3873 160 3932 haec
178 3891 247 3933 curn
265 3890 382 3933 mecum
402 3882 580 3954 reputarem,
604 3877 661 3935 nisi
685 3878 814 3956 omnino,
838 3894 892 3936 cnr
911 3874 1052 3953 Didymus
1071 3874 1258 3934 scholiastae-

159 4070 185 4140 1)
200 4068 271 4124 Sunt
285 4071 378 4124 autem
394 4070 453 4125 eius
467 4070 553 4138 ipsius
568 4073 654 4127 uerba
668 4074 750 4128 haec:
771 4073 853 4127 ‘Dass
868 4072 913 4126 die
927 4069 1068 4141 Ποτάμιοι
1082 4071 1130 4125 des
1145 4071 1258 4126 Stratbis

79 4166 137 4204 vor
147 4147 190 4202 Ol.
200 4153 271 4216 994
287 4149 449 4219 ouigeidhrt
463 4149 547 4219 seien,
562 4149 600 4204 ist
613 4167 663 4205 aus
676 4151 760 4208 schol.
776 4152 849 4209 Plut.
866 4156 934 4206 1195
949 4151 1030 4206 nicht
1044 4171 1078 4205 zu
1092 4152 1256 4226 schliesseu3

80 4245 115 4284 es
139 4228 258 4284 handelt
280 4228 339 4283 sich
362 4228 423 4283 hier
445 4229 524 4282 nicht
546 4248 593 4283 um
622 4232 675 4285 den
704 4234 807 4301 ersten,
836 4232 956 4287 sondern
986 4249 1033 4284 um
1060 4230 1114 4284 den
1141 4231 1259 4285 aweiten

79 4307 192 4376 Plotae,
212 4309 271 4364 also
288 4326 341 4363 nur
359 4327 406 4362 um
424 4308 466 4363 01.
482 4314 524 4376 97,
540 4317 556 4363 4
574 4309 660 4366 beaw.
680 4330 727 4365 um
745 4311 791 4368 die
807 4313 868 4367 Zeit
885 4329 936 4367 ror
955 4312 1007 4365 dcc
1023 4309 1210 4372 lentissime,
1217 4311 1272 4357 su

79 4388 318 4444 Ecclesiazosen!
