2798 4740
610 331 825 394 *74-

131 492 204 552 alius
233 501 321 569 atque
350 495 379 552 in
410 492 502 552 altero
527 492 729 572 Thrasybulus
757 493 973 573 intellegendus
1000 497 1051 576 sit,
1080 503 1161 556 certe
1185 512 1245 554 noo
1271 492 1310 553 ab

132 590 235 651 eodem
260 598 381 651 auctore
405 590 461 650 hoc
486 597 574 669 atquo
598 591 671 650 illud
695 609 789 670 genus
813 594 1015 671 conscriptum
1035 611 1101 653 esse
1121 593 1310 672 apparuerit3

130 687 186 747 hoc
211 706 283 747 uero
308 690 365 747 iam
389 690 570 767 1111111111,
595 691 667 766 quiin
691 688 841 749 concedat.

219 777 249 866 c)
279 784 336 843 Sed
365 785 484 844 tandem
512 785 668 863 aliquando
696 789 851 847 ueniamus
879 788 913 847 ad
944 787 1034 847 uerba
1063 807 1097 847 ea
1121 804 1196 864 quae
1221 794 1309 846 sunt:

130 880 258 961 μᾶλλον
282 873 319 942 δὲ
342 874 385 942 ἄν
404 901 454 953 τις
478 873 699 960 ὑπονοήσειεν
718 878 833 964 ἕτερον
852 878 1039 946 Διονύσιον
1062 877 1310 963 Θρασυβούλου

130 979 190 1041 τοῦ
214 975 409 1052 Κοίλντέως
437 972 586 1059 ἀδελφὸν
610 970 675 1060 <ἢ>
705 976 776 1063 (hoe
804 984 869 1042 iure
898 985 1024 1044 inseruit
1052 980 1310 1060 1111111111111111111,

131 1097 219 1157 quem
248 1080 340 1137 ceteri
369 1071 551 1158 sequuntur)
580 1077 713 1156 ἔγγιστα
742 1080 936 1158 συγγενείας
965 1071 1061 1140 εἶναι.
1107 1078 1189 1138 Hanc
1213 1077 1310 1156 expli-

129 1177 275 1236 cationem
300 1174 416 1253 Didymi
440 1194 505 1234 esse
530 1194 565 1234 ex
590 1175 817 1254 insequentibus
842 1177 1038 1238 11111111111.
1078 1176 1135 1236 Sed
1157 1175 1309 1254 quomodo

129 1275 193 1333 lieri
208 1275 342 1352 potuisse
357 1271 443 1332 nobis
458 1275 713 1355 persuadebimus
733 1285 774 1356 ut,
793 1286 949 1355 postquam
965 1276 1000 1336 ab
1016 1273 1169 1353 Apollonio
1189 1274 1309 1350 pridem

130 1390 162 1431 ea
187 1390 261 1449 quae
286 1372 373 1429 unice
398 1378 478 1430 recta
504 1378 549 1431 est
573 1373 728 1450 explicatio
753 1373 788 1431 de
813 1372 951 1453 Dionysio
975 1380 1100 1451 tyranno
1125 1378 1154 1429 et
1178 1368 1309 1450 Thrasy-

130 1467 198 1527 bulo
222 1469 334 1545 patriae
359 1466 517 1527 liberatore
542 1463 634 1551 (haud
658 1473 762 1548 ignoro
787 1470 872 1530 aliter
895 1471 1074 1530 iudicauisse
1098 1468 1310 1549 Fritzschium,

130 1573 240 1643 quaest.
273 1564 421 1642 Aristoph.
454 1584 481 1643 p.
513 1560 593 1648 236)
626 1569 745 1626 inuenta
779 1585 812 1626 ac
844 1568 953 1628 litteris
986 1565 1121 1626 mandata
1160 1575 1218 1643 est,
1259 1565 1309 1625 lli-

129 1662 247 1741 dymuS,
281 1663 328 1720 uir
361 1657 745 1741 alioquin'sagacissimus‚
784 1665 932 1725 recideret
964 1666 995 1723 iu
1027 1664 1309 1740 interpretationem
1357 1712 1364 1724 .

129 1771 189 1821 tam
212 1761 351 1820 absonam
376 1760 500 1835 uerique
525 1758 697 1819 dissimilem
722 1768 751 1821 ct
771 1780 858 1840 quam
879 1762 968 1822 nullis
987 1762 1165 1822 testimoniis
1186 1760 1308 1819 fumare

128 1855 251 1937 posset?

219 1955 276 2015 Sed
297 1954 366 2033 quid
388 1953 461 2014 dixi!
494 1955 720 2034 Apolloniumno
740 1957 818 2017 illam
841 1958 1066 2037 explicationem
1090 1954 1309 2035 proposuisse?

128 2053 210 2113 Vnde
239 2053 296 2112 hoc
326 2049 441 2112 scitur?
482 2051 602 2112 Minimo
633 2054 752 2131 quidem
777 2073 813 2114 cx
837 2055 990 2115 codicibus
1012 2054 1070 2113 1111
1094 2062 1222 2133 constat,
1252 2054 1306 2112 sed

129 2170 145 2210 e
174 2152 344 2210 coniectura
377 2152 448 2209 satis
480 2159 561 2210 certa
596 2150 676 2211 hunc
704 2154 733 2211 in
763 2153 882 2213 modum
917 2150 1133 2212 emendandum
1165 2158 1218 2210 est.
1270 2148 1308 2209 ln

129 2247 280 2308 codicibus
304 2254 403 2308 autem
428 2250 470 2307 sic
495 2247 617 2326 legitur:
646 2245 773 2328 μᾶλλον
798 2243 835 2311 δὲ
860 2242 902 2310 ἄν
925 2269 974 2320 τις
996 2238 1218 2327 ὑπονοήσειεν
1243 2294 1248 2306 .
1269 2291 1305 2306 ..

128 2343 322 2424 συγγενείας
345 2335 441 2405 εἶναι.
486 2338 541 2404 καὶ
566 2339 602 2405 ἐν
624 2342 664 2426 τῇ
685 2336 804 2407 Ἰλιάδι
828 2342 1034 2428 σαφέστερον
1059 2335 1151 2405 οἶδεν
1174 2332 1195 2422 ἢ
1221 2336 1307 2403 κατὰ

128 2440 296 2521 Δίδυμον,
320 2459 396 2518 quiae
419 2441 663 2501 Hemsterhusius
687 2445 730 2501 sic
754 2447 904 2524 corrigere
929 2444 1038 2505 uoluit:
1060 2435 1116 2503 καὶ
1140 2437 1178 2502 ἐν
1196 2440 1305 2520 Γηρυ-

130 2532 211 2620 τάδῃ
231 2534 438 2618 σαφέστερον
458 2529 559 2599 οἶδεν.
589 2528 637 2600 Ἦ
650 2531 733 2600 κατὰ
753 2539 921 2622 Λίδυμον·
948 2533 993 2614 ὡς
1011 2543 1107 2612 εἴτις
1126 2534 1216 2618 λέγοι
1235 2539 1304 2598 κτλ.

129 2636 188 2697 Sed
216 2638 244 2695 ei
272 2644 354 2697 recte
382 2636 454 2696 mihi
482 2640 657 2715 opposuisse
690 2638 809 2698 uidetur
835 2639 869 2700 0.
899 2639 1074 2712 Schneider,
1106 2637 1125 2696 1.
1155 2656 1179 2696 o.
1207 2654 1235 2714 p.
1262 2632 1306 2694 14

129 2733 198 2794 huic
223 2735 420 2795 emendationi
445 2733 563 2794 obstare
587 2742 772 2795 constantem
797 2733 1021 2794 scholiastarum
1041 2733 1181 2811 loquendi
1205 2750 1304 2818 usum²

16 2822 18 2827 ’
128 2829 293 2893 secundum
317 2849 420 2911 quem,
448 2831 500 2892 ubi
526 2850 636 2893 1111111111
660 2830 805 2892 scholium
829 2833 964 2912 incipiat,
987 2849 1135 2911 nusquam
1158 2829 1305 2909 particula

128 2921 165 3008 ἤ,
198 2929 250 2989 sed
285 2947 402 3006 semper
435 2921 542 3002 ἄλλως
570 2929 619 2990 uel
648 2924 686 2989 δέ
711 2938 853 3008 usurpata
882 2931 949 2991 sint.
1001 2929 1082 3001 Quae
1111 2937 1209 2988 autem
1237 2929 1304 3004 ipse

128 3028 251 3106 legenda
275 3029 432 3107 proposuit
451 3027 665 3087 Schneiderus:
687 3020 744 3086 καὶ
767 3022 804 3088 ἐν
829 3021 1007 3109 Γηρυτάδῃ
1031 3022 1094 3108 (trel
1118 3021 1153 3086 ἐν
1178 3016 1305 3104 Δηλιά-

129 3138 199 3204 σιν,
229 3145 303 3204 quae
333 3125 444 3185 Cratini
473 3125 528 3184 luit
557 3121 670 3208 sabula)
699 3120 905 3204 σαφέστερον
929 3113 949 3203 ἢ
971 3116 1116 3185 'ceadda
1141 3118 1306 3200 Δίδυμος,

129 3224 244 3282 utiam
269 3240 284 3280 a
304 3221 464 3300 Dindorfio‚
488 3222 539 3299 qui
562 3232 660 3283 tamen
685 3222 820 3282 codicum
845 3221 1002 3282 lectionem
1025 3220 1229 3300 imprudenter
1253 3218 1306 3278 de-

129 3318 236 3397 fendit,
264 3315 441 3395 improbata,
473 3319 513 3377 ita
542 3338 556 3378 a
581 3320 723 3381 Mauricio
752 3319 916 3380 Schmidtio
945 3319 1118 3403 felicissima
1143 3317 1305 3378 substituta

129 3417 299 3476 coniectura
323 3433 448 3492 prorsus
472 3417 581 3476 reiecta
606 3427 683 3477 sunt.
723 3417 751 3477 11
775 3420 853 3477 enim
877 3420 908 3477 in
932 3417 1061 3477 editione
1085 3434 1137 3475 sua
1157 3416 1306 3493 fragmen·

128 3511 640 3593 111111111111111111111111.290111.
664 3514 777 3574 collatis
803 3517 855 3595 eis,
880 3533 955 3593 quae
980 3515 1116 3592 exposuit
1138 3512 1306 3573 Meinehius

128 3615 157 3672 in
188 3611 318 3671 Analect.
346 3609 485 3670 Alexand.
513 3630 541 3690 p.
568 3609 632 3672 184
660 3615 703 3672 sic
731 3612 922 3672 scribendum
950 3629 1016 3670 esse
1046 3616 1142 3684 recte,
1170 3618 1203 3669 nt
1231 3609 1307 3669 mihi

131 3709 258 3787 uidetur,
281 3709 450 3786 proposuit:
473 3700 529 3767 καὶ
550 3700 771 3780 Ἀπολλώνιος
795 3703 1001 3789 σαφέστερον
1031 3697 1124 3766 οἶδεν
1149 3695 1197 3785 [ἢ]
1217 3703 1307 3766 ’κατά

130 3801 195 3890 (γε)
215 3802 372 3885 Δίδυμον
396 3824 488 3884 eaque
513 3808 556 3866 111
580 3807 721 3885 explicat:
744 3806 892 3884 Apollonii
911 3806 1000 3866 huius
1019 3805 1076 3865 loci
1096 3804 1305 3881 interpretatio

130 3905 297 3965 euidentior
330 3911 376 3964 est
409 3922 497 3982 quam
526 3905 642 3984 Didymi
676 3905 832 3983 explicatio
862 3897 1081 3984 (Apollonius
1110 3900 1305 3962 Verstindnis

130 4003 182 4061 der
207 4001 296 4061 Stelle
320 4003 358 4063 ist
382 4002 625 4064 einleuchtender
648 4004 689 4060 im
712 4000 879 4061 Verhattnis
904 4019 941 4060 zu
965 3992 1144 4078 Didymos').

220 4098 278 4158 Sed
302 4109 336 4160 ut
358 4100 461 4160 redeat
483 4102 578 4160 oratio
602 4100 680 4161 unde
704 4099 836 4177 digressa
861 4107 914 4176 est,
940 4097 1087 4176 quomodo
1106 4095 1248 4174 Didymus
1272 4099 1303 4157 in

130 4196 355 4276 explicationem
378 4203 437 4256 tam
462 4195 601 4256 absonam
625 4198 737 4276 incidit,
762 4214 850 4274 quam
873 4196 937 4273 ipse
962 4193 1142 4253 scholiorum
1162 4193 1304 4255 collector

115 4293 319 4365 Symmachus
340 4293 525 4354 reiciendam
550 4312 615 4355 esse
638 4291 846 4373 intellegeret?
892 4291 968 4372 lloc,
991 4290 1064 4350 mihi
1087 4289 1189 4352 crede!
1218 4311 1303 4352 num-

93 4394 190 4450 quam
212 4388 461 4466 maesagrabttur
479 4395 541 4455 11111
562 4393 675 4456 auxilio
698 4392 927 4455 adhibuerimus
946 4407 984 4450 ca
1000 4407 1076 4468 uuae
1093 4398 1306 4465 1111111111-
