2798 4740
621 317 839 380 ,70-

144 479 254 540 nalium
288 479 502 557 archaeologici
535 481 663 540 instituti
697 478 911 540 Germanorum
945 481 1132 541 Atheniensis
1165 479 1319 539 uolumine

144 580 241 637 tertio.
280 576 342 636 lllie
361 578 440 636 enim
460 575 626 636 fabularum
646 596 704 637 nou
723 588 827 656 poetas
847 577 951 658 solum,
975 578 1026 637 sed
1047 579 1134 637 etiam
1153 579 1320 655 primarum

144 676 273 754 partium
297 683 415 734 actores
438 676 468 733 in
493 675 535 733 eis
560 674 654 734 titulis
673 694 726 754 per
745 675 914 735 formulam:
938 666 1163 757 ὑπε(κρίνετο)
1184 666 1202 735 ό
1223 671 1320 734 δεῖνα

145 774 291 832 nominari
306 772 409 831 solitos
424 789 490 830 esse
506 771 675 853 edocemur,
695 772 803 851 quibus
823 768 1071 833 ‘didascaliarum’
1093 773 1319 832 fundamentum

144 877 231 947 atque
258 869 324 928 lons
348 871 526 928 continetur.
573 868 715 928 Actorum
735 880 834 930 autem
857 873 1019 949 primarum
1048 872 1176 948 partium
1200 873 1321 930 nomina

146 984 250 1025 reuera
270 968 358 1025 etiam
378 968 408 1025 in
427 960 624 1026 ‘didascalias'
645 975 763 1045 recepta
784 986 850 1027 esse
869 967 1037 1027 luculenter
1057 975 1214 1045 apparete
1234 966 1322 1026 Pacis

145 1063 314 1142 didascalia,
342 1063 394 1122 ubi
423 1081 563 1140 expresse
592 1063 734 1122 traditum
762 1072 827 1125 estz‘
855 1056 892 1124 τὸ
923 1057 960 1123 δὲ
984 1061 1095 1143 δρᾶμα
1119 1054 1321 1142 ὑπεκρίνατο

141 1152 405 1241 Ἀπολλόδωροςς
435 1160 567 1220 eiusdem
597 1162 640 1219 rei
668 1164 851 1242 testimonia,
880 1170 913 1221 ut
940 1161 1014 1221 mihi
1042 1162 1161 1239 quidem
1190 1161 1323 1240 uidetur,

145 1259 269 1316 sortasse
297 1257 432 1317 habenda
459 1264 549 1317 erunt
578 1259 666 1317 etiam
694 1258 857 1319 Philonidis
891 1267 921 1319 et
949 1258 1107 1319 Callistrati
1141 1261 1260 1344 nomina
1289 1261 1322 1317 in

146 1354 313 1414 didascaliis
337 1361 575 1414 commemorata.
613 1353 644 1413 Si
668 1356 759 1431 igitur
779 1356 963 1436 Pamphilum
988 1357 1163 1417 histrionem
1187 1357 1280 1416 luisse
1305 1375 1322 1415 a

145 1452 302 1512 Welchero
331 1462 412 1512 recte
441 1458 584 1512 statutum
613 1461 706 1530 esset,
738 1455 802 1514 eius
832 1473 939 1514 nomen
967 1457 998 1514 in
1027 1454 1193 1515 didascaliis
1221 1457 1324 1513 inesse

147 1549 250 1609 debuit
273 1550 363 1628 idque
387 1568 422 1609 eo
446 1551 540 1627 magis
563 1548 681 1630 debuit,
708 1551 786 1628 quod
811 1553 976 1611 certissime
1001 1551 1086 1611 breui
1109 1559 1177 1611 ante
1201 1551 1323 1610 Plutum

148 1648 263 1707 doctam
282 1648 311 1707 h.
332 1666 356 1707 c.
377 1656 444 1726 post
459 1647 610 1726 Euripidis
632 1655 757 1707 mortem
773 1646 942 1726 Pamphilus
961 1649 1049 1727 primi
1069 1652 1178 1709 actoris
1197 1667 1324 1708 munere

147 1745 222 1805 male
246 1746 367 1805 iunctus
391 1763 456 1804 esse
479 1744 630 1824 putandus
654 1753 711 1824 est,
741 1748 767 1806 si
793 1745 879 1804 modo
903 1745 1115 1824 Aristophanis-
1133 1745 1225 1806 uerba
1249 1746 1325 1824 quid

147 1843 204 1902 sibi
228 1843 339 1903 uellent
362 1861 378 1902 a
402 1841 620 1921 spectatoribus
643 1850 818 1921 perceptum
843 1861 909 1902 esse
929 1850 1081 1922 putamus:
1105 1861 1209 1902 eorum
1233 1845 1325 1922 enim,

148 1943 199 2019 qui
214 1943 350 2019 antiquas
365 1941 546 2018 optimorum
565 1949 720 2019 poetarum
741 1939 853 1999 labulas
872 1940 980 2000 iterum
1000 1941 1148 2002 docendas
1168 1941 1325 2021 curabant,

148 2041 266 2098 nomina
294 2041 324 2098 in
353 2036 449 2098 titulis
472 2036 529 2096 illis
553 2056 612 2098 non
636 2040 785 2098 nominata
810 2045 924 2098 tautum
949 2047 1032 2119 sunt,
1060 2039 1111 2098 sed
1135 2041 1232 2118 primo
1256 2039 1324 2098 loeo

149 2138 311 2215 nominata,
338 2143 371 2194 ut
395 2153 419 2195 e.
443 2152 470 2211 g.
493 2133 632 2215 παλαιᾷ·
660 2127 895 2213 Νεοπτόλεμος
914 2125 1092 2218 Ἰφιγενείᾳ
1117 2127 1324 2217 Εὐριπίδου;

146 2230 286 2314 παλαιᾷ·
310 2224 570 2309 Νεοπτόλεμ[ος]
596 2223 727 2314 Ὀρέστῃ
753 2223 958 2311 Εὐριπίόον;
984 2230 1133 2315 [παλαιῷ
1165 2229 1324 2313 -ό]στρ[α·

148 2329 217 2405 τος]
244 2328 299 2406 [-
317 2363 358 2372 —
374 2349 399 2388 -ι
421 2319 627 2408 Εό]ριπίὸον
650 2339 706 2390 etc.
731 2339 786 2390 etc.

238 2426 291 2487 His
309 2427 345 2486 de
365 2428 462 2486 causis
481 2443 518 2485 ne
539 2425 713 2486 histrionem
733 2426 852 2505 quidem
868 2426 1053 2506 Pamphilum
1073 2429 1164 2489 luisse
1184 2428 1325 2489 arbitrari

150 2525 228 2584 licet.
275 2524 334 2584 Sed
357 2532 421 2584 tum
445 2523 516 2603 quid
540 2523 610 2583 huic
633 2523 698 2584 loco
722 2522 887 2584 faciemus?
933 2524 988 2585 lliu
1017 2526 1203 2605 multumque
1228 2528 1263 2586 de
1288 2546 1325 2586 eo

150 2623 310 2682 meditatus
338 2623 415 2682 lorte
443 2622 562 2680 fortuna
591 2640 646 2699 ego
670 2630 782 2682 rectam
805 2625 1080 2702 interpretationem
1106 2626 1176 2684 mihi
1201 2624 1326 2684 uidebar

150 2721 312 2798 inuenisse,
335 2718 415 2778 hcrnc
439 2717 623 2797 Pamphilum
647 2718 775 2779 eundem
799 2719 949 2778 hominem
973 2739 1039 2780 esse
1059 2723 1215 2782 statuendo
1234 2730 1325 2801 atque

151 2819 203 2895 qui
227 2816 262 2876 ab
286 2816 483 2895 Aristophane
507 2824 755 2877 commemoratur
779 2819 866 2877 etiam
890 2819 921 2877 in
945 2836 1036 2878 uersu
1061 2817 1139 2880 174:

334 2948 351 3018 ό
371 2944 550 3037 Πάμφιλος
574 2948 604 3017 δ’
633 2949 706 3037 οὐχὶ
732 2951 787 3018 διὰ
810 2954 931 3019 τοῦτον
954 2953 1146 3040 abaductam

151 3101 213 3161 lllic
229 3103 307 3160 enim
327 3100 480 3160 adnotauit
499 3098 667 3160 scholiasta:
687 3094 876 3180 Πάμφιλος,
896 3093 987 3175 ὅστις
1000 3098 1174 3183 γεγένηται
1187 3097 1327 3183 κλέπτης

151 3197 218 3259 τῶν
242 3196 425 3277 δημοσίων,
455 3188 575 3257 οὐσίαν
598 3189 778 3277 ἐδημεύθη.
825 3194 860 3260 ἐκ
882 3192 1012 3260 τούτων
1037 3195 1074 3261 δὲ
1097 3197 1326 3262 ἐσπουδακότα

82 3297 83 3300 ’
152 3298 308 3357 πλουτεῖν
327 3287 537 3356 κλαόσεσθαί
553 3306 658 3374 φησιν
677 3287 801 3355 ἁλόντα
821 3291 873 3357 ἐπὶ
891 3295 997 3379 κλοπῇ
1021 3296 1201 3377 δημοσίων.
1237 3299 1325 3358 Prae·

154 3403 234 3454 terea
250 3410 285 3453 ex
303 3410 461 3470 uesparum
476 3410 526 3451 uu.
537 3386 601 3452 568
613 3409 686 3470 sqq,
700 3388 765 3452 976
776 3411 839 3472 sqq.
855 3403 884 3454 ct
894 3394 1024 3455 Platonis
1038 3395 1197 3474 Apologiae
1211 3414 1237 3473 p.
1249 3392 1325 3453 34c

154 3495 326 3571 saepissime
359 3492 448 3549 etiam
482 3488 646 3548 liberorum
677 3488 895 3570 mulierumque
929 3493 1057 3553 lacnmis
1093 3511 1161 3552 reos
1192 3491 1325 3551 iudicum

154 3591 387 3651 misericordiam
407 3590 557 3649 concitare
577 3596 698 3647 conatos
718 3605 782 3646 esso
808 3596 930 3649 constat.
960 3589 1045 3650 Haud
1069 3591 1159 3667 igitur
1183 3589 1327 3650 dissimile

154 3688 224 3767 quid
254 3690 318 3747 ueri
346 3688 486 3746 statuisse
514 3685 585 3746 mihi
615 3684 753 3764 uidebar,
786 3688 811 3745 si
840 3688 927 3747 etiam
955 3686 1140 3766 Pamphilum
1171 3687 1327 3766 peculatus

154 3803 239 3844 reum
262 3785 298 3844 ad
322 3783 400 3843 idem
423 3783 584 3843 artificium
606 3785 648 3842 ita
671 3781 840 3860 confugisse
864 3784 936 3844 mihi
959 3787 1187 3865 persuasissem,
1217 3792 1249 3845 ut
1272 3804 1327 3863 per

153 3890 245 3942 totam
281 3881 386 3942 urbem
419 3884 484 3942 eius
517 3880 736 3940 lamentationis
766 3881 840 3941 lama
876 3883 1071 3964 discurreret,
1108 3886 1207 3960 itaque
1242 3884 1328 3944 lacile

154 3979 361 4057 Aristophanis
385 3979 478 4040 uerba
503 3997 566 4039 eam
590 3979 820 4057 perstringentis
839 3990 921 4041 reete
940 3980 1072 4058 intellegi
1091 3988 1220 4059 possent.
1257 3979 1328 4040 Per-

155 4079 260 4155 stringi
289 4084 387 4136 autem
416 4076 495 4137 illam
523 4076 763 4136 lamentationem
791 4079 831 4137 ita
859 4078 1014 4157 opinabar,
1042 4084 1076 4136 ut
1102 4075 1329 4140 Heraclidarum

156 4176 276 4234 nomine
299 4174 387 4234 liberi
408 4174 574 4252 mulierque
594 4172 726 4234 indicum
746 4174 978 4234 misericordiam
998 4173 1189 4253 implorantes
1208 4176 1244 4235 ab
1263 4178 1329 4239 hri-

144 4273 297 4346 stophane
315 4273 480 4349 significari
497 4283 644 4352 putarem.
678 4271 736 4332 Sed
756 4273 892 4350 quamuis
912 4290 1089 4350 magnopere
1105 4270 1240 4353 laetatus,
1259 4293 1330 4335 cum

123 4363 170 4418 ad
178 4363 262 4422 bane
273 4355 569 4446 Interpretationem
586 4372 812 4452 peruenissem‚
828 4378 930 4432 tamen
946 4377 1053 4450 postea
1069 4387 1136 4429 eam
1150 4370 1334 4432 reiciendum
