2798 4740
552 314 600 351 -“
642 308 685 372 95
732 344 772 354 -

77 488 201 550 prorsus
220 469 438 531 deturbauerit:
458 469 509 531 ubi
534 471 623 550 enim,
645 469 754 550 hercle,
774 472 937 531 consistere
958 471 1011 532 tibi
1026 472 1137 532 uideris
1151 492 1250 555 posse,

79 570 104 627 si
127 587 232 628 eorum
256 587 389 647 magnam
413 575 528 647 partem
551 585 654 627 errore
677 570 778 628 nescio
807 587 865 647 quo
895 569 944 629 uel
971 571 1046 629 uitio
1070 572 1148 630 inter
1171 570 1250 632 Pluti

77 668 187 744 prioris
206 665 347 745 reliquias
366 667 525 745 irrepsisse
545 662 751 725 concesseris?
784 665 895 726 Tamen
919 685 976 748 me,
1001 669 1052 745 qui
1076 678 1249 746 argumento

78 766 254 842 grauissimo
284 766 373 824 etiam
405 763 590 842 reliquorum
623 757 766 822 ‘duorum
798 761 848 822 uel
876 758 983 823 trium'
1017 764 1248 842 fragmentorum

76 863 277 938 integritatem
296 863 470 940 impugnare
489 859 563 918 mihi
582 858 693 932 uidear,
719 877 774 939 me,
797 861 929 940 inquam,
952 860 1004 920 uhi
1023 868 1055 920 tu
1075 870 1250 921 cunctanter

77 962 268 1041 constiteras,
297 960 365 1019 inde
389 960 505 1038 longius
529 976 587 1017 non
612 956 766 1036 audacter,
791 957 843 1016 sed
866 958 1014 1036 impauide
1038 958 1248 1036 procedentem

76 1065 236 1117 secuturus
268 1077 326 1117 non
356 1055 411 1118 es?
458 1056 516 1115 Sed
544 1055 616 1114 haec
644 1053 801 1114 hactenus!
848 1055 890 1115 De
914 1055 1038 1134 singulis
1062 1075 1142 1116 nunc
1167 1057 1248 1116 uide-

76 1173 160 1214 amus
185 1156 255 1232 quid
279 1155 469 1215 iudicandum
493 1156 532 1213 sit
555 1154 736 1229 fragmentis

166 1251 195 1328 ἓ.
219 1251 266 1313 12.
302 1253 398 1331 Atque
427 1253 523 1330 primo
552 1250 617 1310 loco
642 1268 760 1330 eorum,
789 1269 863 1329 quae
888 1251 1063 1330 simpliciter
1087 1252 1173 1312 Pluto
1198 1255 1248 1312 tri·

76 1349 220 1428 huuntur,
235 1351 467 1428 fragmentorum
478 1347 609 1407 Kochius
623 1350 723 1425 posuit
736 1349 951 1409 Antiatticistae
967 1349 1059 1409 uerha
1073 1352 1103 1408 in
1122 1348 1250 1409 Behheri

76 1446 236 1506 Anecdotis
260 1445 312 1526 84,
336 1445 357 1506 4
380 1447 466 1506 haec:

167 1539 265 1623 βλολξ,
293 1538 485 1624 βλακεύειν,
513 1534 751 1622 βλακεύεσθαι,
775 1537 830 1604 καὶ
853 1536 973 1623 βλακες
996 1539 1050 1605 καὶ
1073 1543 1249 1624 βλακικῶς·

76 1636 221 1702 Πλάτων
251 1641 392 1726 Γοργίᾳ,
421 1632 438 1701 ὁ
468 1631 568 1710 αὐτὸς
595 1631 807 1724 Εὐθυδήμῳ,
834 1632 1074 1723 Ἀριστοφάνης
1098 1635 1248 1726 Πλούτῳ.

165 1739 243 1800 Haec
268 1743 294 1799 si
318 1740 379 1800 sola
401 1739 579 1799 haberemus
598 1739 813 1797 Antiatticistae
833 1739 934 1818 uerba,
959 1758 995 1799 ne
1015 1739 1160 1800 Kockium
1185 1743 1248 1819 qui·

78 1837 153 1916 dem,
178 1837 249 1915 quid
272 1841 302 1897 in
323 1836 529 1914 Aristophanis
548 1833 633 1894 Pluto
656 1834 767 1896 dictum
787 1856 853 1897 esse
873 1847 1000 1918 putaret,
1024 1837 1249 1917 exsculpturum

77 1935 168 1995 fuisse
201 1938 393 2014 sponsionem
423 1935 565 2013 facerem3
597 1951 694 2011 neque
727 1937 805 1994 enim
834 1954 869 1995 ex
899 1939 955 2014 eiS,
991 1954 1066 2013 quae
1094 1943 1249 2013 praeterea

78 2033 251 2114 afferuntur,
271 2031 414 2110 exemplis
429 2029 489 2091 ullo
504 2030 591 2090 modo
607 2029 785 2090 concludere
804 2032 883 2112 licet,
902 2051 1011 2093 uocum
1030 2035 1248 2093 nominatarum

78 2128 203 2206 qualis'
196 2147 227 2188 m
250 2129 456 2208 Aristophanis
479 2129 565 2189 Pluto
590 2129 680 2188 fuisse
704 2147 742 2206 po
745 2131 844 2189 tuerit.
892 2129 991 2190 Altero
1016 2133 1095 2190 enim
1117 2129 1248 2191 Platonis

76 2224 149 2304 loco,
174 2229 225 2303 qui
249 2238 294 2287 cst
317 2226 490 2305 Gorgiaep.
510 2222 655 2287 4883:
658 2240 700 2286 συ
725 2213 797 2305 οὖν,
825 2219 935 2307 ὥσπερ
959 2221 1047 2307 ἤρξω
1071 2229 1248 2288 νουθετεῖν

77 2341 131 2432 με,
166 2317 210 2401 μὴ
243 2312 402 2406 ἀποστῇς,
435 2315 508 2385 αλλ’
543 2321 664 2395 ἱκανῶς
696 2345 752 2403 μοι
786 2315 942 2403 ἕνδειξατ,
972 2347 1003 2386 τι
1037 2325 1104 2385 ἐστι
1136 2344 1247 2404 τουτο,
1320 2325 1325 2331 '

145 2414 308 2479 ..”καλ
271 2441 330 2482 εαν
352 2441 391 2500 με
402 2415 518 2530 λάβγγς
541 2418 606 2481 νῦν
630 2417 691 2531 μέν
715 2435 769 2482 σοι
793 2413 1097 2535 ὁμολογήσαντα,’
1082 2442 1118 2482 εν
1142 2416 1179 2482 δὲ
1200 2419 1246 2506 τῷ

79 2503 204 2596 ὑστέρῳ
232 2514 340 2601 χρόνῳ
370 2511 413 2597 μὴ
442 2516 545 2578 ταῦτα
573 2510 773 2598 πράττοντα,
802 2511 885 2598 ἅπερ
916 2511 1129 2600 ὡμολόγησα,
1157 2538 1247 2580 πανυ

78 2630 118 2688 με
145 2603 229 2690 ἡγοῦ
255 2613 378 2692 βλᾶκα
407 2606 494 2676 εἶναι
523 2610 577 2676 καὶ
606 2610 689 2675 κτλ.’
713 2619 853 2695 scriptam
877 2617 1036 2678 uidemus
1043 2634 1147 2676 uocem
1171 2636 1246 2694 quae

77 2718 122 2767 est
144 2702 237 2787 βλαξ,
262 2713 354 2773 altero
375 2732 457 2792 uero,
480 2716 532 2790 qui
551 2717 671 2773 exstat
664 2732 695 2773 m
714 2715 773 2775 Eut
761 2715 891 2793 hydemr
910 2735 938 2794 p
958 2710 1104 2776 natu:
1111 2736 1142 2775 τι
1138 2707 1246 2776 ἀλλο

74 2825 123 2884 γε,
147 2827 198 2885 ην
210 2799 240 2867 d
263 2800 383 2888 ἐγω,’“
362 2832 383 2890 η
406 2804 589 2891 ἐξήμαρτον
608 2803 715 2871 διὰ
682 2832 743 2890 την
767 2808 989 2889 βλακείαν;’
1013 2831 1070 2872 uon
1094 2815 1246 2871 inuenitur

76 2921 152 2981 quae
173 2916 218 2963 cst
236 2904 383 2986 βλακεία,
408 2928 482 2987 quoe
502 2921 601 2970 tamen
621 2909 656 2969 ab
676 2911 901 2969 Antiatticista
893 2928 925 2968 m
948 2920 1109 2988 conspectu
1134 2929 1246 2991 eorum,

75 3019 150 3079 quae
175 3021 242 3062 cum
267 3023 341 3064 uoce
364 3000 447 3083 βλάξ
472 3008 604 3066 eiusdem
628 3007 735 3067 radicis
760 3015 842 3087 sunt,
872 3007 1084 3068 uocabulorum
1113 3027 1171 3068 non
1201 3020 1247 3069 est

74 3109 254 3161 enumerata.

163 3196 249 3257 Nulla
273 3200 363 3277 igitur
386 3219 419 3260 re
443 3204 586 3281 cogimur,
609 3210 643 3262 ut
662 3202 737 3261 hanc
757 3204 849 3280 ipsam
869 3221 974 3262 uocem
994 3222 1068 3280 quae
1088 3214 1134 3264 est
1151 3197 1244 3282 βλάξ,

73 3296 104 3353 in
128 3295 333 3374 Aristophanis
356 3296 442 3358 Pluto
466 3301 596 3359 inueniri
619 3300 728 3359 dehere
757 3309 929 3361 statuamus.
975 3300 1054 3360 Nihil
1079 3315 1136 3383 est,
1165 3303 1244 3381 quod

74 3410 134 3451 non
162 3396 400 3476 acquiescamus,
428 3399 466 3475 si,
495 3408 529 3456 ut
555 3400 586 3456 in
613 3396 744 3456 Platonis
771 3397 957 3476 Euthydemo
986 3417 1044 3458 non
1073 3411 1123 3459 aut
1150 3403 1245 3478 ipsam

74 3508 178 3548 uocem
208 3510 282 3567 quae
312 3506 358 3552 est
387 3487 469 3572 βλάξ
497 3502 548 3555 aut
575 3495 660 3554 aliam
684 3495 810 3572 aliquam
835 3514 950 3574 earum,
979 3514 1053 3574 quae
1078 3499 1244 3557 nominatae
1330 3529 1332 3536 v

72 3597 172 3666 erant,
200 3591 383 3668 inuenimuS,
413 3593 455 3649 sic
484 3609 520 3651 ne
549 3594 578 3651 in
602 3592 688 3652 Pluto
713 3591 831 3670 quidem
856 3592 1070 3670 Aristophaoea
1092 3593 1122 3652 id
1146 3596 1243 3671 ipsum

71 3676 168 3761 βλάξ,
193 3684 245 3742 sed
268 3684 346 3745 aliud
370 3687 502 3747 eiusdem
523 3689 630 3749 radicis
650 3689 827 3748 uocabulum
846 3692 1137 3768 inuestigauerimns.
1174 3690 1243 3751 Tale

71 3792 171 3841 autem
205 3782 382 3844 uocabulum
415 3804 521 3846 reuera
554 3795 650 3846 exstat
682 3788 769 3846 ctiam
802 3789 831 3845 in
865 3805 911 3866 ea,
945 3806 1020 3866 quae
1048 3788 1084 3847 ad
1112 3795 1244 3847 nostram

72 3882 245 3940 memoriam
270 3884 390 3963 mansit,
413 3881 492 3942 Pluti
516 3884 625 3967 fabula,
649 3896 694 3945 est
713 3902 820 3945 uersus
844 3881 923 3945 325:

253 4012 438 4103 ἀσπάζομαι
463 4019 507 4105 d',
532 4018 604 4107 ὁτιὴ
628 4018 811 4108 προθύμως
833 4017 927 4104 ἥκετε

254 4115 309 4181 καὶ
333 4119 581 4203 συντεταμένως
603 4116 666 4185 κού
687 4118 1064 4203 κατεβλακευμένως.

163 4263 220 4322 Sed
254 4265 401 4342 quomodo
429 4264 559 4326 Kockius
591 4268 621 4325 in
654 4285 719 4325 eam
751 4268 927 4325 sententiam
959 4265 1077 4346 incidit,
1108 4276 1142 4326 ut
1168 4266 1241 4328 haec

72 4361 286 4421 Antiatticistae
312 4362 401 4423 uerba
426 4364 461 4423 ad
481 4364 603 4426 Plutum
625 4367 761 4446 priorem
780 4365 941 4444 periinere
961 4359 1109 4440 pumici}
1139 4359 1269 4427 measse
