2798 4740
550 289 768 352 „81-

165 451 186 512 l.
223 452 317 512 Ducat
341 471 444 532 agmen
469 451 615 511 scholium
639 451 673 510 ad
700 469 727 509 u.
751 446 822 510 173.
864 448 904 509 ue
925 468 983 528 quo
1003 468 1078 528 quae
1098 449 1249 511 enucleari

68 558 208 628 possunt,
230 549 390 628 lugendum
410 559 465 630 est,
489 549 568 628 quod
587 550 763 627 paucissima
788 555 867 607 sunt.
905 548 985 617 Quae
1005 551 1084 608 enim
1107 549 1144 608 de
1164 529 1248 608 exeri

70 649 136 707 citu
165 646 214 707 illo
240 650 444 708 mercennario
474 648 569 725 deque
593 646 669 705 hello
694 644 881 704 Corinthiaco
904 653 1077 726 narrantur,
1107 664 1140 705 ca
1169 645 1246 705 haud

74 745 140 802 scio
173 761 209 802 an
244 745 278 803 ad
312 744 521 805 Philochornm
553 742 708 802 referenda
737 745 808 820 siut,
841 760 929 820 quem
962 744 998 803 de
1032 736 1249 823 στρατεύματι

71 834 254 925 ξενικῷὶἐν
278 841 441 925 Κορίνθῳ
471 843 639 901 accuratius
667 842 762 917 egisse
786 839 980 919 Harpocratio
1009 861 1031 901 s,
1055 860 1083 902 u.
1118 832 1248 914 ξενικὸν

70 933 111 997 ἐν
128 937 291 1022 Κορίνθῳ
306 943 466 999 memoriae
481 938 618 1018 prodidit.
646 937 688 998 lbi
704 941 782 997 enim
798 941 908 1017 scripta
923 939 1077 1017 leguntur:
1093 932 1250 1018 συνεστή-

69 1048 155 1096 σατο
185 1025 215 1095 d'
242 1027 323 1098 αὐτὸ
352 1035 484 1118 πρῶτον
514 1029 654 1113 Κόνων,
682 1032 846 1116 παρέλαβε
880 1027 911 1097 d'
942 1029 1024 1098 αὐτὸ
1050 1029 1248 1117 Ἰφικράτης,

68 1124 217 1212 ὕστερον
237 1129 290 1194 καὶ
311 1135 472 1215 Χαβρίας·
492 1119 519 1218 ᾦ
539 1126 742 1213 χρησάμενοι
760 1127 823 1212 τὴν
844 1131 1120 1214 Λακεδαιμονίων
1139 1128 1249 1214 μόραν

70 1227 263 1303 κατέκοψαν
279 1231 543 1313 στρατηγοῦντος
558 1220 671 1302 αὐτοῖς
679 1223 887 1310 Ἰφικράτους
897 1226 952 1291 καὶ
963 1233 1122 1293 Καλλίου.
1143 1233 1249 1302 Quam·

73 1347 164 1407 quam
194 1332 272 1389 enim
302 1350 361 1390 nou
389 1333 476 1390 nimis
500 1328 591 1389 multa
620 1332 699 1387 inter
722 1329 777 1387 hoc
801 1327 972 1388 Philochori
1000 1331 1196 1408 fragmentum
1221 1338 1251 1389 et

73 1425 223 1485 scholium
253 1427 324 1486 illud
354 1429 547 1507 conueniunt,
577 1435 673 1485 tamen
699 1425 750 1485 uhi
773 1444 870 1502 neque
895 1427 942 1486 hic
966 1447 1063 1505 neque
1086 1428 1145 1486 illic
1169 1445 1250 1486 mera

71 1522 246 1584 Philochori
266 1525 358 1585 uerha
378 1537 494 1584 seruata
520 1541 585 1582 esse
605 1525 802 1604 reputauoris,
827 1526 950 1583 fortasse
974 1525 1078 1584 scholii
1098 1535 1250 1585 auctorem

71 1639 111 1679 ex
135 1619 306 1682 Philochori
329 1623 448 1683 Atthide
473 1641 524 1681 sua
549 1620 683 1681 hausisse
707 1631 812 1698 putare
833 1622 910 1702 licet,
933 1626 1108 1701 praesertim
1134 1627 1158 1682 si
1184 1627 1250 1701 quis

71 1719 334 1803 animaduerterit,
362 1741 449 1800 quam
478 1741 565 1800 saepe
595 1717 704 1779 scholia
734 1719 946 1796 Aristophanen
975 1721 1011 1780 ad
1039 1720 1250 1780 l'hilochorunr

72 1827 243 1878 recurrant.
282 1819 338 1878 Sed
359 1823 423 1880 siue
443 1819 613 1878 Philochori
632 1820 696 1877 siue
716 1817 790 1875 alius
808 1821 963 1895 scriptoris
978 1828 1049 1879 sunt
1064 1819 1135 1878 haec
1151 1819 1251 1898 uerha,

72 1926 159 1975 certe
183 1915 219 1974 ah
244 1935 278 1977 eo
302 1929 423 1977 auctore
448 1920 609 1995 composita
634 1923 712 1992 sunt,
736 1916 788 1991 qni
811 1914 847 1972 de
867 1923 1034 1994 temporum
1055 1917 1159 1975 ordine
1179 1919 1250 1976 satis

73 2012 203 2072 edoctus
222 2024 308 2074 essct.
349 2015 547 2074 Nihilominus
571 2017 628 2073 iam
647 2031 663 2071 a
685 2015 787 2088 primis
807 2012 1013 2092 Aristophanis
1032 2015 1250 2092 interpretibus

72 2129 110 2169 ea
134 2121 272 2189 excerpta
293 2121 322 2172 et
346 2116 376 2172 in
396 2114 625 2172 eounnentarios
644 2118 827 2186 comportata
847 2130 912 2169 esse
933 2113 1002 2171 licet
1022 2121 1142 2171 statuas.
1177 2112 1251 2171 Nam

73 2226 135 2286 qua
160 2219 244 2269 erant
267 2213 401 2270 socordia
432 2215 519 2289 primi
543 2209 585 2269 illi
609 2217 762 2285 poetarum
786 2210 975 2289 interpretes,
1000 2210 1084 2269 lacile
1109 2211 1250 2270 credibile

72 2306 197 2367 uidetur
225 2327 289 2389 eos,
318 2321 414 2369 utram
442 2308 562 2369 Plutum
591 2309 876 2385 interpretarentur,
905 2326 964 2366 nou
993 2326 1113 2368 curasse
1137 2318 1196 2389 aut,
1227 2311 1252 2367 si

71 2403 133 2463 hoc
157 2415 287 2465 statuere
312 2411 409 2466 minus
434 2407 538 2485 placet,
562 2409 640 2464 inter
664 2404 920 2482 interpretandum
943 2424 980 2464 nc
1003 2407 1251 2466 animaduertisse

74 2501 206 2582 quidem,
235 2523 309 2581 quae
338 2507 368 2563 in
399 2524 426 2564 u.
452 2501 515 2564 113
539 2502 722 2580 legerentur,
752 2521 786 2561 ea
816 2521 883 2561 curn
913 2505 1020 2580 prioris
1044 2503 1134 2579 Pluti,
1163 2523 1250 2583 quarn

72 2608 204 2659 tractare
233 2601 289 2661 sihi
317 2603 503 2679 uidebantur,
533 2613 700 2677 temporum
728 2603 841 2658 ratione
872 2599 1052 2678 discrepare.
1107 2601 1164 2661 Sed
1195 2602 1251 2662 hoc

73 2704 146 2757 utut
173 2708 226 2778 cst,
257 2712 337 2759 certe
362 2718 465 2759 eorum
495 2700 699 2758 adnotationes
727 2716 787 2756 nun
817 2698 889 2757 talos
918 2699 1010 2758 luisse
1044 2700 1251 2760 affirmandum

73 2804 132 2876 est,
156 2805 190 2855 ut
213 2795 344 2879 Didymo,
373 2817 409 2882 ex
433 2799 518 2858 cuius
541 2799 764 2876 commentario,
791 2797 849 2854 nisi
872 2799 979 2875 omnia,
1004 2805 1085 2856 certe
1110 2817 1152 2878 ea,
1176 2818 1251 2877 quae

72 2895 279 2971 exquisitioris
313 2894 463 2954 doctrinae
496 2896 625 2972 speciem
653 2911 724 2971 prae
753 2912 784 2952 se
814 2893 924 2973 lerant,
956 2894 1077 2954 fluxisse
1109 2895 1252 2955 Mauricio

74 2990 242 3052 Schmidtio
271 3010 307 3051 ex
334 2994 431 3051 animo
455 2993 610 3072 assentior,
639 2990 819 3070 persuadere
844 3001 975 3071 possent,
999 3011 1074 3072 quae
1099 3005 1252 3072 superstes

71 3095 167 3168 esset,
190 3107 254 3148 eam
277 3108 342 3149 esse
366 3088 486 3150 Plutum
508 3091 715 3168 posteriorem,
738 3091 791 3166 qui
814 3090 862 3148 uir
885 3092 1022 3149 acerrimi
1048 3093 1160 3168 ingenii
1181 3112 1251 3151 saue

72 3186 136 3245 hoc
160 3186 217 3246 sibi
235 3191 441 3268 persuasisset,
465 3189 539 3247 siin
558 3189 692 3265 priorum
712 3196 910 3265 interpretum
930 3187 1013 3247 lihris
1034 3188 1082 3248 uel
1101 3192 1252 3249 minimam

70 3285 243 3344 inuenisset
275 3285 364 3346 huius
392 3287 555 3346 sentcntiae
592 3284 854 3345 adumbrationem.
905 3285 1007 3364 ltaque
1042 3289 1105 3347 siue
1139 3291 1252 3366 primos

71 3391 327 3443 commentatores
355 3384 389 3442 ad
415 3383 494 3443 hunc
519 3401 640 3442 uersum
669 3382 824 3441 uberiores
849 3382 1052 3443 adnotationes
1077 3390 1251 3464 apposuisse

70 3481 183 3540 statuis
201 3481 266 3541 siue
286 3500 337 3541 eos
356 3483 524 3541 accuratius
541 3480 622 3539 hunc
642 3498 763 3539 uersum
779 3479 941 3558 explicasse
957 3499 1056 3562 uagae,
1077 3482 1134 3541 hoc
1150 3493 1251 3543 tenen-

71 3577 149 3637 dum
168 3587 223 3658 est,
246 3578 401 3657 didymum
421 3579 500 3638 hunc
521 3597 641 3638 uersum
664 3580 704 3638 ita
722 3577 896 3659 illustrasse,
921 3586 953 3638 ut
972 3598 1025 3638 sua
1049 3588 1143 3640 aetate
1163 3600 1252 3640 unam

72 3682 194 3735 tantum
217 3675 298 3736 Pluti
328 3679 533 3737 recensionem
558 3678 749 3754 superstitem
772 3675 864 3734 fuisse
889 3679 1076 3754 apertissime
1102 3681 1253 3739 nuntiaret

72 3773 270 3856 eandemque,
294 3793 368 3853 quae
392 3775 427 3834 ad
451 3785 583 3835 nostram
607 3775 779 3834 memoriam
801 3774 917 3831 mansit.

167 3869 202 3931 11.
234 3871 276 3931 De
296 3871 416 3932 scholiis
436 3873 470 3931 ad
491 3892 540 3932 uu.
556 3869 621 3933 972
641 3881 670 3932 et
691 3868 775 3932 1146
796 3873 821 3930 si
840 3871 934 3929 lusius
954 3870 1110 3949 explanare
1130 3873 1252 3955 uellem,

74 3968 183 4028 cadem
206 3986 282 4048 quae
305 3970 341 4028 de
367 3968 458 4029 schol.
482 3988 511 4029 u.
536 3966 599 4030 173
623 3970 762 4047 indicaui,
786 3967 831 4027 his
855 3967 928 4027 mihi
951 3969 1112 4047 repetenda
1137 3980 1252 4051 essent;

73 4069 178 4144 itaque
206 4067 242 4127 de
272 4070 315 4127 eis
342 4086 466 4146 prorsus
494 4071 525 4127 in
555 4069 678 4128 eandem
708 4067 884 4127 sententiam
917 4066 1048 4126 cundum
1078 4086 1143 4126 esse
1179 4070 1250 4127 satis

72 4162 174 4224 haheo
197 4168 357 4226 monuisse.

167 4261 212 4323 lll.
254 4264 385 4324 Transeo
414 4282 493 4324 nunc
521 4265 557 4325 ad
581 4264 726 4324 scholium
751 4281 780 4324 u.
802 4257 868 4323 550
892 4263 1122 4337 excutiendum,
1140 4282 1205 4336 sps
1221 4269 1265 4320 ‘m

76 4361 306 4438 contemplando
329 4363 419 4423 simul
443 4364 552 4445 elucet,
577 4384 638 4426 non
661 4366 778 4426 iniuria
797 4364 835 4422 in
851 4359 984 4421 scholiis
1000 4357 1099 4416 mohs
1117 4353 1296 4426 sumamus

121 4468 303 4512 Dtuuemuonee
315 4473 435 4516 Iononaec.
460 4478 502 4519 lv.
1030 4461 1051 4505 Q
