2798 4740
561 333 783 397 ..85-

81 497 163 554 inter
192 513 319 574 quorum
348 513 506 557 numerum
534 500 622 558 etiam
650 496 856 576 Aristophanis
881 498 1020 574 magister
1043 494 1257 558 Eratosthenes

81 592 261 652 referendus
291 594 360 654 erit:
390 612 426 653 ne
450 594 505 654 hos
534 596 653 675 quidem
681 597 711 655 in
741 614 803 655 eam
833 596 1033 674 suspicionem
1060 595 1201 655 incidisse
1224 605 1258 656 ut

83 709 122 750 ex
148 689 414 751 Alexandrinorum
438 695 698 770 grammaticorum
723 692 873 771 diligentia
902 699 932 752 et
962 691 1139 770 amplissima
1164 695 1256 771 scrip·

85 796 187 848 torum
212 790 314 847 notitia
335 788 420 848 lacile
444 791 540 849 conici
564 799 671 871 potest,
695 792 734 851 ita
754 789 959 850 Eratosthenis
978 792 1097 850 nomine
1116 793 1146 850 in
1167 791 1256 852 schol.

81 905 113 946 u.
142 882 226 945 1194
255 895 374 954 seruato
403 886 626 969 comprobatum
660 891 796 968 quamuis
824 890 903 948 enim
934 906 992 947 non
1025 907 1165 966 expresse
1197 889 1257 950 illic

78 983 189 1044 Plutus
208 985 291 1061 prior
310 993 539 1045 commemorata
559 994 612 1066 est,
631 995 730 1046 tamen
750 1007 786 1046 ex
805 1005 848 1067 ea,
868 1004 956 1064 quam
971 987 1156 1064 sequendum
1171 987 1257 1048 nobis

81 1081 251 1162 uidebatur,
275 1085 520 1160 interpretatione
541 1104 577 1145 ne
598 1085 806 1164 obloquentem
831 1084 959 1165 quidem,
983 1087 1000 1145 1.
1021 1103 1045 1145 e.
1070 1088 1256 1145 consentien-

80 1189 143 1239 tem
168 1179 466 1257 deprehenderamus.
514 1181 545 1242 Si
579 1186 657 1242 enim
681 1168 1034 1242 Ε111111111111Ρ111111
1058 1186 1254 1260 posteriorem

79 1296 150 1337 esse
177 1279 357 1358 inuenisset,
386 1278 547 1340 ut‘Nubes
574 1283 757 1360 posteriores
785 1297 850 1338 esse
879 1277 1024 1338 intellexit
1052 1273 1158 1361 (schol.
1182 1279 1252 1339 nub.

78 1371 172 1456 552),
200 1361 448 1453 quemadmodum
476 1379 540 1438 fieri
571 1382 704 1458 potuisse
728 1376 895 1457 explicabis,
919 1387 952 1436 ut
974 1385 1075 1455 postea
1100 1380 1164 1437 eius
1189 1397 1254 1438 sen-

79 1476 189 1552 tentia,
217 1491 274 1551 qua
304 1482 423 1553 accepta
450 1477 665 1556 interpretibus
694 1476 767 1537 nihil
795 1474 1011 1555 inextricabile,
1039 1475 1112 1535 nihil
1135 1476 1254 1536 difficile

79 1571 224 1652 obstaret,
252 1590 311 1631 non
339 1572 426 1632 modo
450 1577 628 1655 reiceretur,
654 1575 766 1635 sedne
791 1574 878 1652 digna
902 1572 1020 1651 quidem
1046 1576 1195 1634 mentione
1218 1574 1254 1634 ab

80 1671 128 1729 eis
142 1669 312 1750 haberetur,
333 1673 382 1749 qui
398 1689 461 1730 eam
476 1669 675 1733 reiecissent?
699 1671 792 1742 Quam
811 1671 987 1731 sententiam
1007 1673 1032 1730 si
1043 1669 1254 1731 Eratosthenes

80 1766 246 1848 habuisset,
270 1770 300 1827 in
325 1767 436 1827 scholio
463 1765 548 1829 1194
572 1789 662 1848 11111
686 1778 810 1830 11111111
835 1771 865 1827 11
883 1767 1086 1847 Lycophronis
1108 1771 1255 1830 sententia

78 1864 243 1925 refellenda
271 1883 369 1925 nonne
398 1864 437 1924 ibi
466 1869 596 1945 optimus
624 1867 721 1942 locus,
751 1872 917 1944 opportuna
946 1868 1061 1925 occasio
1095 1865 1161 1925 data
1189 1875 1253 1927 1111

80 1965 149 2023 1111
169 1963 442 2023 commemorandae
460 1983 493 2024 ac
513 1965 735 2025 demonstrandi
753 1962 978 2042 Lycophronem
996 1970 1155 2041 propterea
1173 1983 1252 2024 erra·

80 2063 172 2142 uisse,
197 2063 265 2139 quia
288 2063 419 2139 priorem
443 2061 562 2122 Plutum
585 2063 685 2141 legere
709 2061 766 2122 sibi
789 2063 873 2121 uisus
897 2046 1000 2119 esset?

171 2157 216 2219 Vl.
250 2157 414 2219 Doleudum
439 2167 492 2239 est,
517 2159 595 2237 quod
618 2178 653 2218 ex
677 2159 726 2218 illo
751 2176 819 2236 uno,
843 2157 921 2235 quod
946 2157 1041 2217 adhuc
1065 2159 1252 2220 tractandum

78 2264 187 2336 restat,
216 2254 327 2315 scholio
352 2274 380 2316 u.
404 2253 469 2317 385
493 2259 604 2317 certius
633 2256 705 2316 nihil
733 2256 811 2314 ellici
839 2261 945 2332 potest.
998 2254 1029 2314 Si
1053 2257 1131 2314 enim
1155 2259 1186 2316 in
1210 2258 1252 2317 di-

39 2428 42 2432 *
79 2354 217 2415 dascaliis
250 2353 290 2413 ibi
328 2357 565 2415 commemoratis
598 2373 631 2414 11
665 2355 797 2432 exposita
833 2352 924 2411 luisse
957 2351 1155 2412 demonstrari
1193 2354 1252 2415 ullo

81 2452 171 2511 modo
190 2459 298 2532 posset,
318 2471 392 2530 quae
412 2461 479 2530 post
500 2471 548 2512 eas
567 2451 698 2511 laudatas
718 2457 894 2529 sequuntur,
914 2450 1063 2528 usquead
1083 2449 1252 2511 Callimachi

81 2558 215 2627 tempora
234 2552 484 2630 peruenissemus,
509 2551 561 2610 sed
581 2549 665 2609 aliam
685 2547 720 2607 de
740 2547 826 2607 Pluto
846 2548 1022 2606 sententiam
1043 2566 1102 2607 non
1121 2550 1251 2609 iuuenis·

85 2665 195 2706 semus.
232 2647 289 2707 Sed
314 2648 439 2709 fortasse
464 2646 597 2727 suppleri
619 2646 675 2706 alio
695 2646 781 2705 modo
801 2650 936 2724 possunt,
960 2662 1034 2722 quae
1054 2662 1133 2705 nunc
1153 2649 1250 2725 requi·

78 2752 197 2804 runtur.
239 2743 372 2805 Vidimus
391 2747 470 2805 enim
490 2744 714 2825 Aristophanem
735 2743 908 2822 Byzantium
926 2744 1057 2821 priorem
1077 2741 1133 2802 sibi
1152 2742 1251 2822 legere

47 2889 48 2892 ,
78 2844 180 2902 uisum
208 2861 273 2902 esse
303 2842 379 2903 Pluti
414 2842 549 2903 fabulam.
594 2842 684 2922 Atqui
712 2860 780 2901 eum
814 2848 929 2901 couslat
957 2842 1020 2900 siue
1054 2841 1250 2902 additamenta

78 2942 146 3000 siue
175 2940 396 3000 aduersariam
422 2941 589 3002 Callimachi
613 2939 727 3000 tabulas
751 2930 922 3022 (πίνακας)
951 2940 1107 3016 scripsisse
1131 2933 1251 3020 (Athen.

76 3038 128 3098 lib.
153 3036 193 3097 lX
223 3035 334 3100 4181.
363 3036 426 3097 Vlll
451 3036 514 3099 336
535 3031 587 3121 E),
616 3037 724 3116 quibus
748 3035 856 3096 tabulis
880 3038 967 3095 etiam
991 3037 1164 3097 didascaliae
1185 3037 1250 3097 illae

77 3135 310 3196 continebantur
338 3132 514 3216 (Etymolog.
537 3134 574 3195 M.
599 3154 620 3195 1.
646 3155 670 3196 v.
694 3129 852 3216 πίνακες).
893 3133 1025 3194 Ν111111
1052 3137 1155 3213 igitur,
1184 3153 1250 3213 per·

77 3241 207 3293 nouerat
229 3233 439 3313 Aristophanes
463 3232 631 3293 Callimachi
662 3234 781 3310 scripta.
824 3231 905 3302 Quae
930 3250 999 3291 cum
1022 3234 1062 3291 ita
1087 3235 1154 3314 sint,
1179 3251 1250 3293 num

77 3332 201 3391 omnino
226 3330 366 3391 credibile
390 3339 444 3408 est,
467 3329 675 3391 Callimachum
695 3349 768 3410 eam,
792 3349 867 3410 quae
891 3337 1045 3408 superstes
1070 3339 1158 3410 esset,
1184 3330 1250 3391 Plu-

76 3438 143 3489 tum
167 3428 294 3489 l'abulam
319 3430 383 3488 eius
407 3430 534 3488 nominis
554 3446 618 3488 esse
637 3431 843 3507 posteriorem,
867 3427 1094 3505 Aristophanem
1118 3430 1249 3506 priorem

75 3523 248 3587 iudicasse?
290 3525 351 3586 Hoc
375 3526 517 3586 accidisse
540 3534 604 3586 tum
628 3526 796 3604 concedam,
821 3525 873 3585 ubi
892 3527 959 3603 quis
984 3525 1055 3585 mihi
1074 3526 1138 3584 fieri
1161 3544 1249 3603 posse

75 3623 260 3704 probauerit,
279 3632 312 3684 ut
326 3633 483 3701 postquam
503 3623 594 3683 semel
613 3641 684 3683 uera
703 3625 824 3683 inuenta
848 3632 927 3706 sunt,
951 3623 1128 3701 quibuscum
1153 3626 1249 3684 omnia

76 3731 261 3804 congruunt,
299 3740 332 3781 ea
369 3720 405 3780 ab
437 3720 683 3799 Aristophauibus
715 3720 862 3799 Byzantiis
894 3723 925 3780 in
958 3719 1151 3780 dissimillima
1185 3725 1250 3781 ueri

76 3827 241 3900 mutentur,
266 3819 373 3898 quibus
397 3836 528 3879 summae
553 3817 740 3878 difficultates
764 3817 891 3878 obstent.

167 3916 226 3977 Vll.
263 3917 365 3976 Adhuc
394 3934 472 3976 unus
501 3925 592 3976 restat
619 3915 823 3995 Aristophanis
851 3918 1015 3995 interpres,
1048 3917 1097 3975 cui
1124 3915 1249 3978 11111111

74 4018 192 4077 1111111
216 4023 297 4094 totus
319 4013 368 4074 hic
392 4014 429 4073 de
447 4012 534 4073 Pluto
558 4016 657 4091 priore
681 4033 766 4074 error
790 4013 967 4074 tribuendus
986 4022 1040 4093 est,
1063 4012 1249 4095 Lycophron‚

75 4131 168 4191 quem
188 4131 246 4172 una
274 4129 340 4172 cum
365 4111 530 4170 Alexandro
554 4111 655 4171 Aetolo
684 4111 812 4171 Graecae
841 4113 913 4170 artis
941 4113 1074 4188 poeticos
1103 4110 1195 4171 libros
1218 4114 1249 4171 in

75 4228 172 4271 unum
196 4209 349 4289 collegisse
373 4212 451 4270 etin
476 4208 609 4268 ordinem
630 4209 780 4288 redegisse
803 4211 843 4268 ita
863 4215 979 4268 constat
997 4227 1013 4267 e
1034 4208 1144 4268 scholio
1164 4208 1248 4269 Plau-

73 4310 139 4368 tino
168 4326 214 4388 ap.
238 4306 351 4368 Duebn.
375 4307 409 4388 X,
433 4327 449 4367 a
472 4327 500 4386 p.
524 4305 614 4380 XXll,
643 4315 676 4367 ut
706 4310 769 4387 ipse
793 4305 964 4367 comoedias
985 4305 1171 4364 ordinaudas
1190 4323 1259 4361 sus-

71 4407 194 4482 ciperet.
240 4403 347 4465 Contra
372 4407 397 4466 si
415 4405 466 4468 hic
491 4409 594 4469 statim
615 4406 651 4469 ab
671 4409 759 4470 initio
775 4405 909 4469 Plutum
925 4422 978 4484 eo,
993 4419 1057 4479 quo
1076 4397 1203 4470 hdou'xt,
1211 4394 1294 4446 1111
