<?xml version="1.0" encoding="UTF-8"?>
<!DOCTYPE html PUBLIC "-//W3C//DTD XHTML 1.0 Transitional//EN"
    "http://www.w3.org/TR/xhtml1/DTD/xhtml1-transitional.dtd">
<html xmlns="http://www.w3.org/1999/xhtml" xml:lang="en" lang="en">
 <head>
  <title>
</title>
<meta http-equiv="Content-Type" content="text/html;charset=utf-8" />
  <meta name='ocr-system' content='tesseract 3.04.00' />
  <meta name='ocr-capabilities' content='ocr_page ocr_carea ocr_par ocr_line ocrx_word'/>
</head>
<body>
  <div class='ocr_page' id='page_1' title='image "./plutiaristophan02ludwgoog_0036.png"; bbox 0 0 2798 4740; ppageno 0'>
   <div class='ocr_carea' id='block_1_1' title="bbox 78 323 781 399">
    <p class='ocr_par' dir='ltr' id='par_1_1' title="bbox 78 323 781 399">
     <span class='ocr_line' id='line_1_1' title="bbox 78 323 781 399; baseline -0.004 -10"><span class='ocrx_word' id='word_1_1' title='bbox 78 370 94 399; x_wconf 51' lang='lat'><em>1</em></span> <span class='ocrx_word' id='word_1_2' title='bbox 394 339 398 346; x_wconf 85' lang='grc'><strong>’</strong></span> <span class='ocrx_word' id='word_1_3' title='bbox 562 323 781 388; x_wconf 84' lang='grc'>-89-</span> 
     </span>
    </p>
   </div>
   <div class='ocr_carea' id='block_1_2' title="bbox 82 486 1351 4483">
    <p class='ocr_par' dir='ltr' id='par_1_2' title="bbox 82 486 1351 2116">
     <span class='ocr_line' id='line_1_2' title="bbox 82 486 1262 569; baseline -0.003 -20"><span class='ocrx_word' id='word_1_4' title='bbox 82 491 213 569; x_wconf 89' lang='lat' dir='ltr'><strong>putauit,</strong></span> <span class='ocrx_word' id='word_1_5' title='bbox 237 492 357 549; x_wconf 89' lang='lat' dir='ltr'><strong>omnino</strong></span> <span class='ocrx_word' id='word_1_6' title='bbox 376 488 675 568; x_wconf 89' lang='lat' dir='ltr'><strong>praetermittendum</strong></span> <span class='ocrx_word' id='word_1_7' title='bbox 694 495 748 567; x_wconf 90' lang='lat' dir='ltr'><strong>est,</strong></span> <span class='ocrx_word' id='word_1_8' title='bbox 773 505 841 547; x_wconf 93' lang='lat' dir='ltr'><strong>cum</strong></span> <span class='ocrx_word' id='word_1_9' title='bbox 864 486 912 546; x_wconf 93' lang='lat' dir='ltr'><strong>hic</strong></span> <span class='ocrx_word' id='word_1_10' title='bbox 936 504 1021 546; x_wconf 88' lang='lat' dir='ltr'><strong>error</strong></span> <span class='ocrx_word' id='word_1_11' title='bbox 1044 488 1210 547; x_wconf 90' lang='lat' dir='ltr'><strong>communis</strong></span> <span class='ocrx_word' id='word_1_12' title='bbox 1234 488 1262 546; x_wconf 95' lang='lat' dir='ltr'><strong>ei</strong></span> 
     </span>
     <span class='ocr_line' id='line_1_3' title="bbox 84 584 1261 660; baseline -0.003 -13"><span class='ocrx_word' id='word_1_13' title='bbox 84 590 128 647; x_wconf 88' lang='lat' dir='ltr'><strong>sit</strong></span> <span class='ocrx_word' id='word_1_14' title='bbox 143 605 211 647; x_wconf 89' lang='lat' dir='ltr'><strong>cum</strong></span> <span class='ocrx_word' id='word_1_15' title='bbox 226 596 395 648; x_wconf 89' lang='lat' dir='ltr'><strong>ceterorum</strong></span> <span class='ocrx_word' id='word_1_16' title='bbox 411 584 789 660; x_wconf 89' lang='lat' dir='ltr'><strong>scholiorumauctorihus.</strong></span> <span class='ocrx_word' id='word_1_17' title='bbox 826 585 864 644; x_wconf 84' lang='lat' dir='ltr'><strong>At</strong></span> <span class='ocrx_word' id='word_1_18' title='bbox 883 603 949 644; x_wconf 90' lang='lat' dir='ltr'><strong>cum</strong></span> <span class='ocrx_word' id='word_1_19' title='bbox 969 584 1044 644; x_wconf 92' lang='lat' dir='ltr'><strong>hanc</strong></span> <span class='ocrx_word' id='word_1_20' title='bbox 1060 584 1261 645; x_wconf 84' lang='lat' dir='ltr'><strong>difficultatem</strong></span> 
     </span>
     <span class='ocr_line' id='line_1_4' title="bbox 85 683 1262 760; baseline -0.003 -14"><span class='ocrx_word' id='word_1_21' title='bbox 85 686 258 746; x_wconf 86' lang='lat' dir='ltr'><strong>felicissime</strong></span> <span class='ocrx_word' id='word_1_22' title='bbox 278 688 443 745; x_wconf 89' lang='lat' dir='ltr'><strong>remouisse</strong></span> <span class='ocrx_word' id='word_1_23' title='bbox 462 684 547 745; x_wconf 90' lang='lat' dir='ltr'><strong>nobis</strong></span> <span class='ocrx_word' id='word_1_24' title='bbox 567 685 713 760; x_wconf 90' lang='lat' dir='ltr'><strong>uidemur,</strong></span> <span class='ocrx_word' id='word_1_25' title='bbox 737 683 920 760; x_wconf 80' lang='lat' dir='ltr'><strong>uidentusne,</strong></span> <span class='ocrx_word' id='word_1_26' title='bbox 944 685 974 741; x_wconf 93' lang='lat' dir='ltr'><strong>in</strong></span> <span class='ocrx_word' id='word_1_27' title='bbox 999 690 1109 760; x_wconf 90' lang='lat' dir='ltr'><strong>quanto</strong></span> <span class='ocrx_word' id='word_1_28' title='bbox 1136 684 1262 743; x_wconf 89' lang='lat' dir='ltr'><strong>maiores</strong></span> 
     </span>
     <span class='ocr_line' id='line_1_5' title="bbox 85 778 1262 863; baseline -0.004 -19"><span class='ocrx_word' id='word_1_29' title='bbox 85 787 241 863; x_wconf 88' lang='lat' dir='ltr'><strong>angustias</strong></span> <span class='ocrx_word' id='word_1_30' title='bbox 269 784 473 861; x_wconf 82' lang='lat' dir='ltr'>imprudentes</span> <span class='ocrx_word' id='word_1_31' title='bbox 497 778 734 843; x_wconf 77' lang='lat' dir='ltr'><strong>incurrerimus?</strong></span> <span class='ocrx_word' id='word_1_32' title='bbox 779 781 865 840; x_wconf 92' lang='lat' dir='ltr'><strong>Hunc</strong></span> <span class='ocrx_word' id='word_1_33' title='bbox 890 782 967 840; x_wconf 90' lang='lat' dir='ltr'><strong>enirn</strong></span> <span class='ocrx_word' id='word_1_34' title='bbox 992 780 1262 841; x_wconf 48' lang='lat' dir='ltr'><strong>scholiastam‘non</strong></span> 
     </span>
     <span class='ocr_line' id='line_1_6' title="bbox 85 876 1351 960; baseline 0 -19"><span class='ocrx_word' id='word_1_35' title='bbox 85 881 184 941; x_wconf 92' lang='lat' dir='ltr'><strong>solum</strong></span> <span class='ocrx_word' id='word_1_36' title='bbox 218 876 480 960; x_wconf 70' lang='lat' dir='ltr'><strong>‘conglutinatam&#39;</strong></span> <span class='ocrx_word' id='word_1_37' title='bbox 514 880 655 958; x_wconf 86' lang='lat' dir='ltr'><strong>tabulam,</strong></span> <span class='ocrx_word' id='word_1_38' title='bbox 688 878 739 939; x_wconf 91' lang='lat' dir='ltr'><strong>sed</strong></span> <span class='ocrx_word' id='word_1_39' title='bbox 773 881 861 938; x_wconf 89' lang='lat' dir='ltr'><strong>etiam</strong></span> <span class='ocrx_word' id='word_1_40' title='bbox 898 881 1093 956; x_wconf 80' lang='lat' dir='ltr'><strong>posteriorem</strong></span> <span class='ocrx_word' id='word_1_41' title='bbox 1123 877 1262 938; x_wconf 91' lang='lat' dir='ltr'><strong>habuisse</strong></span> <span class='ocrx_word' id='word_1_42' title='bbox 1341 921 1351 941; x_wconf 88' lang='lat'><strong>.</strong></span> 
     </span>
     <span class='ocr_line' id='line_1_7' title="bbox 85 974 1263 1060; baseline -0.003 -22"><span class='ocrx_word' id='word_1_43' title='bbox 85 987 240 1060; x_wconf 76' lang='lat' dir='ltr'><strong>putemne,</strong></span> <span class='ocrx_word' id='word_1_44' title='bbox 270 987 386 1039; x_wconf 89' lang='lat' dir='ltr'><strong>ceteros</strong></span> <span class='ocrx_word' id='word_1_45' title='bbox 418 975 582 1057; x_wconf 83' lang='lat' dir='ltr'><strong>negamus?</strong></span> <span class='ocrx_word' id='word_1_46' title='bbox 628 976 881 1047; x_wconf 81' lang='lat' dir='ltr'><strong>Quemadmodum</strong></span> <span class='ocrx_word' id='word_1_47' title='bbox 916 974 1059 1034; x_wconf 89' lang='lat' dir='ltr'><strong>accidisse</strong></span> <span class='ocrx_word' id='word_1_48' title='bbox 1090 975 1173 1035; x_wconf 91' lang='lat' dir='ltr'><strong>nohis</strong></span> <span class='ocrx_word' id='word_1_49' title='bbox 1196 994 1263 1054; x_wconf 91' lang='lat' dir='ltr'><strong>per·</strong></span> 
     </span>
     <span class='ocr_line' id='line_1_8' title="bbox 86 1069 1261 1156; baseline -0.002 -20"><span class='ocrx_word' id='word_1_50' title='bbox 86 1075 293 1156; x_wconf 77' lang='lat' dir='ltr'><strong>suadebimuS,</strong></span> <span class='ocrx_word' id='word_1_51' title='bbox 323 1084 356 1137; x_wconf 88' lang='lat' dir='ltr'><strong>ut</strong></span> <span class='ocrx_word' id='word_1_52' title='bbox 384 1077 433 1138; x_wconf 94' lang='lat' dir='ltr'><strong>hic</strong></span> <span class='ocrx_word' id='word_1_53' title='bbox 462 1075 632 1156; x_wconf 80' lang='lat' dir='ltr'><strong>scholiasta,</strong></span> <span class='ocrx_word' id='word_1_54' title='bbox 665 1075 887 1134; x_wconf 87' lang='lat' dir='ltr'><strong>adnotationum</strong></span> <span class='ocrx_word' id='word_1_55' title='bbox 918 1072 953 1132; x_wconf 91' lang='lat' dir='ltr'><strong>ad</strong></span> <span class='ocrx_word' id='word_1_56' title='bbox 982 1092 1031 1132; x_wconf 85' lang='lat' dir='ltr'><strong>uu</strong></span> <span class='ocrx_word' id='word_1_57' title='bbox 1057 1069 1121 1133; x_wconf 81' lang='lat'><strong>115</strong></span> <span class='ocrx_word' id='word_1_58' title='bbox 1145 1081 1174 1134; x_wconf 86' lang='lat' dir='ltr'><strong>et</strong></span> <span class='ocrx_word' id='word_1_59' title='bbox 1199 1071 1261 1134; x_wconf 88' lang='lat'><strong>119</strong></span> 
     </span>
     <span class='ocr_line' id='line_1_9' title="bbox 88 1173 1263 1256; baseline -0.001 -24"><span class='ocrx_word' id='word_1_60' title='bbox 88 1175 327 1253; x_wconf 89' lang='lat' dir='ltr'><strong>conscriptarum</strong></span> <span class='ocrx_word' id='word_1_61' title='bbox 354 1183 470 1256; x_wconf 82' lang='lat' dir='ltr'><strong>auctor,</strong></span> <span class='ocrx_word' id='word_1_62' title='bbox 499 1173 580 1234; x_wconf 93' lang='lat' dir='ltr'><strong>solus</strong></span> <span class='ocrx_word' id='word_1_63' title='bbox 609 1175 740 1232; x_wconf 91' lang='lat' dir='ltr'><strong>omnium</strong></span> <span class='ocrx_word' id='word_1_64' title='bbox 764 1180 901 1231; x_wconf 88' lang='lat' dir='ltr'><strong>ueterum</strong></span> <span class='ocrx_word' id='word_1_65' title='bbox 924 1173 1121 1248; x_wconf 88' lang='lat' dir='ltr'><strong>interpretum</strong></span> <span class='ocrx_word' id='word_1_66' title='bbox 1145 1180 1263 1250; x_wconf 90' lang='lat' dir='ltr'><strong>praeter</strong></span> 
     </span>
     <span class='ocr_line' id='line_1_10' title="bbox 87 1266 1264 1352; baseline -0.001 -21"><span class='ocrx_word' id='word_1_67' title='bbox 87 1290 169 1350; x_wconf 88' lang='lat' dir='ltr'><strong>eam,</strong></span> <span class='ocrx_word' id='word_1_68' title='bbox 197 1290 285 1350; x_wconf 92' lang='lat' dir='ltr'><strong>quam</strong></span> <span class='ocrx_word' id='word_1_69' title='bbox 311 1271 470 1352; x_wconf 75' lang='lat' dir='ltr'><strong>tractabat,</strong></span> <span class='ocrx_word' id='word_1_70' title='bbox 496 1274 584 1332; x_wconf 91' lang='lat' dir='ltr'><strong>etiam</strong></span> <span class='ocrx_word' id='word_1_71' title='bbox 607 1271 804 1348; x_wconf 89' lang='lat' dir='ltr'><strong>posteriorem</strong></span> <span class='ocrx_word' id='word_1_72' title='bbox 827 1268 947 1329; x_wconf 90' lang='lat' dir='ltr'><strong>Plutum</strong></span> <span class='ocrx_word' id='word_1_73' title='bbox 971 1267 1107 1327; x_wconf 92' lang='lat' dir='ltr'><strong>manibus</strong></span> <span class='ocrx_word' id='word_1_74' title='bbox 1132 1266 1264 1330; x_wconf 74' lang='lat' dir='ltr'><strong>tereret?</strong></span> 
     </span>
     <span class='ocr_line' id='line_1_11' title="bbox 88 1367 1263 1448; baseline -0.001 -20"><span class='ocrx_word' id='word_1_75' title='bbox 88 1368 213 1428; x_wconf 87' lang='lat' dir='ltr'><strong>Ceteros</strong></span> <span class='ocrx_word' id='word_1_76' title='bbox 236 1377 335 1429; x_wconf 87' lang='lat' dir='ltr'><strong>autem</strong></span> <span class='ocrx_word' id='word_1_77' title='bbox 360 1372 540 1447; x_wconf 89' lang='lat' dir='ltr'><strong>interpretes</strong></span> <span class='ocrx_word' id='word_1_78' title='bbox 564 1371 621 1428; x_wconf 93' lang='lat' dir='ltr'><strong>nisi</strong></span> <span class='ocrx_word' id='word_1_79' title='bbox 644 1385 717 1442; x_wconf 89' lang='lat' dir='ltr'><strong>eam,</strong></span> <span class='ocrx_word' id='word_1_80' title='bbox 741 1385 815 1445; x_wconf 91' lang='lat' dir='ltr'><strong>quae</strong></span> <span class='ocrx_word' id='word_1_81' title='bbox 840 1375 993 1445; x_wconf 88' lang='lat' dir='ltr'><strong>superstes</strong></span> <span class='ocrx_word' id='word_1_82' title='bbox 1014 1369 1130 1448; x_wconf 88' lang='lat' dir='ltr'><strong>mansit,</strong></span> <span class='ocrx_word' id='word_1_83' title='bbox 1153 1367 1263 1428; x_wconf 90' lang='lat' dir='ltr'><strong>nullam</strong></span> 
     </span>
     <span class='ocr_line' id='line_1_12' title="bbox 87 1464 1264 1546; baseline -0.002 -20"><span class='ocrx_word' id='word_1_84' title='bbox 87 1467 170 1526; x_wconf 91' lang='lat' dir='ltr'><strong>Pluti</strong></span> <span class='ocrx_word' id='word_1_85' title='bbox 194 1469 399 1526; x_wconf 90' lang='lat' dir='ltr'><strong>recensionem</strong></span> <span class='ocrx_word' id='word_1_86' title='bbox 424 1466 535 1525; x_wconf 89' lang='lat' dir='ltr'><strong>uidisse</strong></span> <span class='ocrx_word' id='word_1_87' title='bbox 559 1468 615 1545; x_wconf 92' lang='lat' dir='ltr'><strong>eis,</strong></span> <span class='ocrx_word' id='word_1_88' title='bbox 644 1485 718 1544; x_wconf 88' lang='lat' dir='ltr'><strong>quae</strong></span> <span class='ocrx_word' id='word_1_89' title='bbox 743 1468 891 1546; x_wconf 83' lang='lat' dir='ltr'><strong>inprime</strong></span> <span class='ocrx_word' id='word_1_90' title='bbox 915 1473 997 1543; x_wconf 87' lang='lat' dir='ltr'><strong>parte</strong></span> <span class='ocrx_word' id='word_1_91' title='bbox 1022 1464 1163 1545; x_wconf 91' lang='lat' dir='ltr'><strong>disserui,</strong></span> <span class='ocrx_word' id='word_1_92' title='bbox 1192 1469 1264 1526; x_wconf 89' lang='lat' dir='ltr'><strong>satis</strong></span> 
     </span>
     <span class='ocr_line' id='line_1_13' title="bbox 88 1563 1264 1644; baseline 0 -20"><span class='ocrx_word' id='word_1_93' title='bbox 88 1564 324 1624; x_wconf 86' lang='lat' dir='ltr'><strong>demonstratum</strong></span> <span class='ocrx_word' id='word_1_94' title='bbox 349 1563 422 1623; x_wconf 92' lang='lat' dir='ltr'><strong>mihi</strong></span> <span class='ocrx_word' id='word_1_95' title='bbox 445 1563 574 1623; x_wconf 90' lang='lat' dir='ltr'><strong>uidetur.</strong></span> <span class='ocrx_word' id='word_1_96' title='bbox 611 1564 655 1623; x_wconf 83' lang='lat' dir='ltr'><strong>An</strong></span> <span class='ocrx_word' id='word_1_97' title='bbox 674 1564 729 1625; x_wconf 90' lang='lat' dir='ltr'><strong>hac</strong></span> <span class='ocrx_word' id='word_1_98' title='bbox 753 1567 924 1624; x_wconf 91' lang='lat' dir='ltr'><strong>coniectura</strong></span> <span class='ocrx_word' id='word_1_99' title='bbox 947 1564 1155 1644; x_wconf 88' lang='lat' dir='ltr'><strong>incertissima,</strong></span> <span class='ocrx_word' id='word_1_100' title='bbox 1179 1566 1264 1624; x_wconf 93' lang='lat' dir='ltr'><strong>cuius</strong></span> 
     </span>
     <span class='ocr_line' id='line_1_14' title="bbox 90 1660 1265 1742; baseline -0.002 -20"><span class='ocrx_word' id='word_1_101' title='bbox 90 1665 123 1722; x_wconf 93' lang='lat' dir='ltr'><strong>in</strong></span> <span class='ocrx_word' id='word_1_102' title='bbox 143 1662 319 1723; x_wconf 88' lang='lat' dir='ltr'><strong>scholiastae</strong></span> <span class='ocrx_word' id='word_1_103' title='bbox 339 1663 433 1741; x_wconf 90' lang='lat' dir='ltr'><strong>ipsius</strong></span> <span class='ocrx_word' id='word_1_104' title='bbox 458 1660 559 1721; x_wconf 91' lang='lat' dir='ltr'><strong>uerbis</strong></span> <span class='ocrx_word' id='word_1_105' title='bbox 583 1680 619 1720; x_wconf 89' lang='lat' dir='ltr'><strong>ne</strong></span> <span class='ocrx_word' id='word_1_106' title='bbox 644 1664 803 1741; x_wconf 86' lang='lat' dir='ltr'><strong>uestigium</strong></span> <span class='ocrx_word' id='word_1_107' title='bbox 827 1661 946 1740; x_wconf 88' lang='lat' dir='ltr'><strong>quidem</strong></span> <span class='ocrx_word' id='word_1_108' title='bbox 970 1660 1153 1721; x_wconf 82' lang='lat' dir='ltr'><strong>fundamenti</strong></span> <span class='ocrx_word' id='word_1_109' title='bbox 1177 1662 1265 1742; x_wconf 92' lang='lat' dir='ltr'><strong>inest,</strong></span> 
     </span>
     <span class='ocr_line' id='line_1_15' title="bbox 89 1758 1263 1841; baseline -0.003 -19"><span class='ocrx_word' id='word_1_110' title='bbox 89 1762 196 1822; x_wconf 91' lang='lat' dir='ltr'><strong>adduci</strong></span> <span class='ocrx_word' id='word_1_111' title='bbox 220 1779 273 1820; x_wconf 92' lang='lat' dir='ltr'><strong>nos</strong></span> <span class='ocrx_word' id='word_1_112' title='bbox 298 1763 438 1841; x_wconf 87' lang='lat' dir='ltr'><strong>sinemus,</strong></span> <span class='ocrx_word' id='word_1_113' title='bbox 462 1768 496 1820; x_wconf 94' lang='lat' dir='ltr'><strong>ut</strong></span> <span class='ocrx_word' id='word_1_114' title='bbox 518 1759 606 1840; x_wconf 91' lang='lat' dir='ltr'><strong>illam,</strong></span> <span class='ocrx_word' id='word_1_115' title='bbox 633 1779 720 1838; x_wconf 88' lang='lat' dir='ltr'><strong>quam</strong></span> <span class='ocrx_word' id='word_1_116' title='bbox 744 1759 840 1820; x_wconf 86' lang='lat' dir='ltr'><strong>adhuc</strong></span> <span class='ocrx_word' id='word_1_117' title='bbox 865 1758 1061 1838; x_wconf 79' lang='lat' dir='ltr'><strong>defendimus,</strong></span> <span class='ocrx_word' id='word_1_118' title='bbox 1084 1760 1263 1819; x_wconf 90' lang='lat' dir='ltr'><strong>sententiam</strong></span> 
     </span>
     <span class='ocr_line' id='line_1_16' title="bbox 90 1853 1264 1938; baseline -0.003 -19"><span class='ocrx_word' id='word_1_119' title='bbox 90 1862 224 1938; x_wconf 92' lang='lat' dir='ltr'><strong>ipsorum</strong></span> <span class='ocrx_word' id='word_1_120' title='bbox 250 1858 475 1925; x_wconf 87' lang='lat' dir='ltr'><strong>scholiastarum</strong></span> <span class='ocrx_word' id='word_1_121' title='bbox 500 1859 678 1917; x_wconf 90' lang='lat' dir='ltr'><strong>testimoniis</strong></span> <span class='ocrx_word' id='word_1_122' title='bbox 701 1860 772 1918; x_wconf 92' lang='lat' dir='ltr'><strong>satis</strong></span> <span class='ocrx_word' id='word_1_123' title='bbox 791 1858 936 1916; x_wconf 84' lang='lat' dir='ltr'><strong>firmatam</strong></span> <span class='ocrx_word' id='word_1_124' title='bbox 959 1859 1079 1916; x_wconf 84' lang='lat' dir='ltr'><strong>missam</strong></span> <span class='ocrx_word' id='word_1_125' title='bbox 1101 1853 1264 1917; x_wconf 80' lang='lat' dir='ltr'><strong>faciamus?</strong></span> 
     </span>
     <span class='ocr_line' id='line_1_17' title="bbox 90 1953 1263 2037; baseline -0.001 -21"><span class='ocrx_word' id='word_1_126' title='bbox 90 1957 183 2017; x_wconf 92' lang='lat' dir='ltr'><strong>lmmo</strong></span> <span class='ocrx_word' id='word_1_127' title='bbox 208 1956 374 2017; x_wconf 90' lang='lat' dir='ltr'><strong>cauendum</strong></span> <span class='ocrx_word' id='word_1_128' title='bbox 399 1965 457 2037; x_wconf 91' lang='lat' dir='ltr'><strong>est,</strong></span> <span class='ocrx_word' id='word_1_129' title='bbox 486 1974 523 2015; x_wconf 90' lang='lat' dir='ltr'><strong>ne</strong></span> <span class='ocrx_word' id='word_1_130' title='bbox 548 1964 701 2035; x_wconf 89' lang='lat' dir='ltr'><strong>tantopere</strong></span> <span class='ocrx_word' id='word_1_131' title='bbox 725 1955 760 2015; x_wconf 90' lang='lat' dir='ltr'><strong>ab</strong></span> <span class='ocrx_word' id='word_1_132' title='bbox 785 1957 866 2015; x_wconf 89' lang='lat' dir='ltr'><strong>omni</strong></span> <span class='ocrx_word' id='word_1_133' title='bbox 889 1954 1037 2033; x_wconf 86' lang='lat' dir='ltr'><strong>cogitandi</strong></span> <span class='ocrx_word' id='word_1_134' title='bbox 1061 1953 1263 2033; x_wconf 88' lang='lat' dir='ltr'><strong>probandique</strong></span> 
     </span>
     <span class='ocr_line' id='line_1_18' title="bbox 90 2054 412 2116; baseline 0 -1"><span class='ocrx_word' id='word_1_135' title='bbox 90 2058 205 2116; x_wconf 88' lang='lat' dir='ltr'><strong>ratione</strong></span> <span class='ocrx_word' id='word_1_136' title='bbox 229 2054 412 2115; x_wconf 88' lang='lat' dir='ltr'><strong>aberremus.</strong></span> 
     </span>
    </p>

    <p class='ocr_par' dir='ltr' id='par_1_3' title="bbox 89 2149 1307 4483">
     <span class='ocr_line' id='line_1_19' title="bbox 181 2149 1264 2231; baseline -0.001 -20"><span class='ocrx_word' id='word_1_137' title='bbox 181 2152 230 2212; x_wconf 80' lang='lat' dir='ltr'><strong>Ill,</strong></span> <span class='ocrx_word' id='word_1_138' title='bbox 253 2152 357 2212; x_wconf 83' lang='lat' dir='ltr'><strong>Adhuc</strong></span> <span class='ocrx_word' id='word_1_139' title='bbox 371 2154 463 2231; x_wconf 88' lang='lat' dir='ltr'><strong>igitur</strong></span> <span class='ocrx_word' id='word_1_140' title='bbox 478 2151 652 2212; x_wconf 89' lang='lat' dir='ltr'><strong>scholiastae</strong></span> <span class='ocrx_word' id='word_1_141' title='bbox 667 2152 848 2212; x_wconf 88' lang='lat' dir='ltr'><strong>adnotationi</strong></span> <span class='ocrx_word' id='word_1_142' title='bbox 863 2152 950 2211; x_wconf 84' lang='lat' dir='ltr'><strong>fidem</strong></span> <span class='ocrx_word' id='word_1_143' title='bbox 965 2149 1132 2211; x_wconf 88' lang='lat' dir='ltr'><strong>tribuentes</strong></span> <span class='ocrx_word' id='word_1_144' title='bbox 1147 2169 1264 2230; x_wconf 88' lang='lat' dir='ltr'><strong>semper</strong></span> 
     </span>
     <span class='ocr_line' id='line_1_20' title="bbox 92 2247 1264 2329; baseline -0.002 -19"><span class='ocrx_word' id='word_1_145' title='bbox 92 2252 209 2328; x_wconf 89' lang='lat' dir='ltr'><strong>decepti</strong></span> <span class='ocrx_word' id='word_1_146' title='bbox 232 2269 344 2312; x_wconf 90' lang='lat' dir='ltr'><strong>sumus.</strong></span> <span class='ocrx_word' id='word_1_147' title='bbox 391 2250 448 2310; x_wconf 88' lang='lat' dir='ltr'><strong>Sed</strong></span> <span class='ocrx_word' id='word_1_148' title='bbox 473 2268 542 2310; x_wconf 89' lang='lat' dir='ltr'><strong>ecce</strong></span> <span class='ocrx_word' id='word_1_149' title='bbox 567 2249 641 2310; x_wconf 89' lang='lat' dir='ltr'><strong>alius</strong></span> <span class='ocrx_word' id='word_1_150' title='bbox 664 2251 794 2329; x_wconf 81' lang='lat' dir='ltr'><strong>exsistit,</strong></span> <span class='ocrx_word' id='word_1_151' title='bbox 819 2251 869 2327; x_wconf 91' lang='lat' dir='ltr'><strong>qui</strong></span> <span class='ocrx_word' id='word_1_152' title='bbox 894 2247 1081 2308; x_wconf 88' lang='lat' dir='ltr'><strong>scholiastam</strong></span> <span class='ocrx_word' id='word_1_153' title='bbox 1105 2249 1264 2308; x_wconf 83' lang='lat' dir='ltr'><strong>defendere</strong></span> 
     </span>
     <span class='ocr_line' id='line_1_21' title="bbox 93 2347 1265 2428; baseline -0.003 -19"><span class='ocrx_word' id='word_1_154' title='bbox 93 2360 123 2409; x_wconf 90' lang='lat' dir='ltr'><strong>et</strong></span> <span class='ocrx_word' id='word_1_155' title='bbox 142 2347 178 2407; x_wconf 90' lang='lat' dir='ltr'><strong>ah</strong></span> <span class='ocrx_word' id='word_1_156' title='bbox 198 2366 301 2407; x_wconf 91' lang='lat' dir='ltr'><strong>eorum</strong></span> <span class='ocrx_word' id='word_1_157' title='bbox 325 2350 494 2427; x_wconf 89' lang='lat' dir='ltr'><strong>suspicione</strong></span> <span class='ocrx_word' id='word_1_158' title='bbox 519 2349 597 2408; x_wconf 90' lang='lat' dir='ltr'><strong>tueri</strong></span> <span class='ocrx_word' id='word_1_159' title='bbox 620 2355 755 2428; x_wconf 88' lang='lat' dir='ltr'><strong>conetur,</strong></span> <span class='ocrx_word' id='word_1_160' title='bbox 782 2348 832 2425; x_wconf 91' lang='lat' dir='ltr'><strong>qui</strong></span> <span class='ocrx_word' id='word_1_161' title='bbox 856 2349 920 2406; x_wconf 90' lang='lat' dir='ltr'><strong>eius</strong></span> <span class='ocrx_word' id='word_1_162' title='bbox 944 2347 1163 2406; x_wconf 89' lang='lat' dir='ltr'><strong>adnotationem</strong></span> <span class='ocrx_word' id='word_1_163' title='bbox 1186 2348 1265 2406; x_wconf 89' lang='lat' dir='ltr'><strong>inter</strong></span> 
     </span>
     <span class='ocr_line' id='line_1_22' title="bbox 93 2443 1264 2524; baseline -0.001 -18"><span class='ocrx_word' id='word_1_164' title='bbox 93 2445 411 2507; x_wconf 86' lang='lat' dir='ltr'><strong>autoschediasmatum</strong></span> <span class='ocrx_word' id='word_1_165' title='bbox 432 2464 588 2507; x_wconf 90' lang='lat' dir='ltr'><strong>numerum</strong></span> <span class='ocrx_word' id='word_1_166' title='bbox 607 2448 759 2524; x_wconf 86' lang='lat' dir='ltr'><strong>ingentem</strong></span> <span class='ocrx_word' id='word_1_167' title='bbox 777 2444 891 2504; x_wconf 83' lang='lat' dir='ltr'><strong>referre</strong></span> <span class='ocrx_word' id='word_1_168' title='bbox 907 2444 1054 2504; x_wconf 89' lang='lat' dir='ltr'><strong>studeant.</strong></span> <span class='ocrx_word' id='word_1_169' title='bbox 1087 2443 1264 2505; x_wconf 84' lang='lat' dir='ltr'><strong>Franciscus</strong></span> 
     </span>
     <span class='ocr_line' id='line_1_23' title="bbox 95 2542 1265 2623; baseline 0.001 -21"><span class='ocrx_word' id='word_1_170' title='bbox 95 2547 174 2603; x_wconf 90' lang='lat' dir='ltr'><strong>enim</strong></span> <span class='ocrx_word' id='word_1_171' title='bbox 192 2544 334 2620; x_wconf 88' lang='lat' dir='ltr'><strong>Ritterus,</strong></span> <span class='ocrx_word' id='word_1_172' title='bbox 359 2547 406 2604; x_wconf 93' lang='lat' dir='ltr'><strong>uir</strong></span> <span class='ocrx_word' id='word_1_173' title='bbox 430 2544 619 2605; x_wconf 89' lang='lat' dir='ltr'><strong>doctissimus</strong></span> <span class='ocrx_word' id='word_1_174' title='bbox 642 2562 676 2604; x_wconf 88' lang='lat' dir='ltr'><strong>ae</strong></span> <span class='ocrx_word' id='word_1_175' title='bbox 700 2543 916 2622; x_wconf 87' lang='lat' dir='ltr'><strong>sagacissimus,</strong></span> <span class='ocrx_word' id='word_1_176' title='bbox 940 2544 971 2601; x_wconf 93' lang='lat' dir='ltr'><strong>in</strong></span> <span class='ocrx_word' id='word_1_177' title='bbox 995 2542 1202 2602; x_wconf 89' lang='lat' dir='ltr'><strong>dissertatione</strong></span> <span class='ocrx_word' id='word_1_178' title='bbox 1222 2561 1265 2623; x_wconf 84' lang='lat' dir='ltr'><strong>ea,</strong></span> 
     </span>
     <span class='ocr_line' id='line_1_24' title="bbox 93 2627 1265 2720; baseline -0.002 -19"><span class='ocrx_word' id='word_1_179' title='bbox 93 2660 182 2720; x_wconf 90' lang='lat' dir='ltr'><strong>quam</strong></span> <span class='ocrx_word' id='word_1_180' title='bbox 210 2642 246 2702; x_wconf 93' lang='lat' dir='ltr'><strong>de</strong></span> <span class='ocrx_word' id='word_1_181' title='bbox 273 2641 477 2720; x_wconf 81' lang='lat' dir='ltr'><strong>Aristophanis</strong></span> <span class='ocrx_word' id='word_1_182' title='bbox 505 2641 591 2701; x_wconf 91' lang='lat' dir='ltr'><strong>Pluto</strong></span> <span class='ocrx_word' id='word_1_183' title='bbox 619 2627 738 2700; x_wconf 83' lang='lat' dir='ltr'><strong>Bonnae</strong></span> <span class='ocrx_word' id='word_1_184' title='bbox 765 2636 848 2701; x_wconf 79' lang='lat'>1828</span> <span class='ocrx_word' id='word_1_185' title='bbox 880 2641 1072 2720; x_wconf 88' lang='lat' dir='ltr'><strong>conscripsit,</strong></span> <span class='ocrx_word' id='word_1_186' title='bbox 1101 2659 1129 2718; x_wconf 87' lang='lat' dir='ltr'><strong>p.</strong></span> <span class='ocrx_word' id='word_1_187' title='bbox 1153 2635 1197 2700; x_wconf 82' lang='lat'><strong>54</strong></span> <span class='ocrx_word' id='word_1_188' title='bbox 1224 2642 1265 2701; x_wconf 91' lang='lat' dir='ltr'><strong>ita</strong></span> 
     </span>
     <span class='ocr_line' id='line_1_25' title="bbox 93 2727 1264 2818; baseline -0.002 -18"><span class='ocrx_word' id='word_1_189' title='bbox 93 2740 247 2800; x_wconf 88' lang='lat' dir='ltr'><strong>disseruit:</strong></span> <span class='ocrx_word' id='word_1_190' title='bbox 263 2727 325 2798; x_wconf 61' lang='lat' dir='ltr'><strong>&#39;‘ln</strong></span> <span class='ocrx_word' id='word_1_191' title='bbox 353 2741 452 2816; x_wconf 89' lang='lat' dir='ltr'><strong>priore</strong></span> <span class='ocrx_word' id='word_1_192' title='bbox 482 2741 572 2816; x_wconf 88' lang='lat' dir='ltr'><strong>igitur</strong></span> <span class='ocrx_word' id='word_1_193' title='bbox 598 2738 683 2799; x_wconf 92' lang='lat' dir='ltr'><strong>Pluto</strong></span> <span class='ocrx_word' id='word_1_194' title='bbox 706 2737 919 2815; x_wconf 84' lang='lat' dir='ltr'><strong>Aristophanes</strong></span> <span class='ocrx_word' id='word_1_195' title='bbox 948 2755 1054 2797; x_wconf 86' lang='lat' dir='ltr'><strong>uocem</strong></span> <span class='ocrx_word' id='word_1_196' title='bbox 1078 2727 1264 2818; x_wconf 80' lang='grc' dir='ltr'><em>ὀφθαλμία,</em></span> 
     </span>
     <span class='ocr_line' id='line_1_26' title="bbox 91 2834 1265 2916; baseline -0.003 -18"><span class='ocrx_word' id='word_1_197' title='bbox 91 2839 122 2898; x_wconf 93' lang='lat' dir='ltr'><strong>h.</strong></span> <span class='ocrx_word' id='word_1_198' title='bbox 151 2857 175 2897; x_wconf 89' lang='lat' dir='ltr'><strong>e.</strong></span> <span class='ocrx_word' id='word_1_199' title='bbox 209 2836 304 2897; x_wconf 90' lang='lat' dir='ltr'><strong>malus</strong></span> <span class='ocrx_word' id='word_1_200' title='bbox 336 2837 491 2897; x_wconf 91' lang='lat' dir='ltr'><strong>oculorum</strong></span> <span class='ocrx_word' id='word_1_201' title='bbox 523 2837 659 2916; x_wconf 80' lang='lat' dir='ltr'><strong>allectuS,</strong></span> <span class='ocrx_word' id='word_1_202' title='bbox 692 2843 795 2895; x_wconf 89' lang='lat' dir='ltr'><strong>contra</strong></span> <span class='ocrx_word' id='word_1_203' title='bbox 826 2835 979 2914; x_wconf 88' lang='lat' dir='ltr'><strong>uulgarem</strong></span> <span class='ocrx_word' id='word_1_204' title='bbox 1009 2834 1151 2913; x_wconf 91' lang='lat' dir='ltr'><strong>loquendi</strong></span> <span class='ocrx_word' id='word_1_205' title='bbox 1177 2853 1265 2895; x_wconf 91' lang='lat' dir='ltr'><strong>usum</strong></span> 
     </span>
     <span class='ocr_line' id='line_1_27' title="bbox 92 2927 1266 3018; baseline -0.003 -22"><span class='ocrx_word' id='word_1_206' title='bbox 92 2929 215 3018; x_wconf 60' lang='lat' dir='ltr'><strong>(tetes)</strong></span> <span class='ocrx_word' id='word_1_207' title='bbox 244 2953 299 3013; x_wconf 91' lang='lat' dir='ltr'><strong>pro</strong></span> <span class='ocrx_word' id='word_1_208' title='bbox 327 2935 468 2995; x_wconf 90' lang='lat' dir='ltr'><strong>caecitate</strong></span> <span class='ocrx_word' id='word_1_209' title='bbox 497 2927 672 3016; x_wconf 77' lang='grc' dir='ltr'>(πήρωσις)</span> <span class='ocrx_word' id='word_1_210' title='bbox 700 2933 872 3014; x_wconf 90' lang='lat' dir='ltr'><strong>admiserat,</strong></span> <span class='ocrx_word' id='word_1_211' title='bbox 904 2936 935 2993; x_wconf 92' lang='lat' dir='ltr'><strong>in</strong></span> <span class='ocrx_word' id='word_1_212' title='bbox 967 2935 1134 3012; x_wconf 89' lang='lat' dir='ltr'><strong>posteriore</strong></span> <span class='ocrx_word' id='word_1_213' title='bbox 1166 2939 1266 2993; x_wconf 87' lang='lat' dir='ltr'><strong>autem</strong></span> 
     </span>
     <span class='ocr_line' id='line_1_28' title="bbox 91 3030 1265 3093; baseline -0.003 0"><span class='ocrx_word' id='word_1_214' title='bbox 91 3032 257 3093; x_wconf 89' lang='lat' dir='ltr'><strong>inuidiosae</strong></span> <span class='ocrx_word' id='word_1_215' title='bbox 275 3031 354 3092; x_wconf 92' lang='lat' dir='ltr'><strong>illius</strong></span> <span class='ocrx_word' id='word_1_216' title='bbox 375 3035 458 3092; x_wconf 85' lang='lat' dir='ltr'><strong>uocis</strong></span> <span class='ocrx_word' id='word_1_217' title='bbox 477 3033 632 3093; x_wconf 86' lang='lat' dir='ltr'><strong>euitandae</strong></span> <span class='ocrx_word' id='word_1_218' title='bbox 657 3050 744 3092; x_wconf 92' lang='lat' dir='ltr'><strong>causa</strong></span> <span class='ocrx_word' id='word_1_219' title='bbox 768 3040 864 3092; x_wconf 90' lang='lat' dir='ltr'><strong>totum</strong></span> <span class='ocrx_word' id='word_1_220' title='bbox 889 3049 1009 3091; x_wconf 90' lang='lat' dir='ltr'><strong>uersum</strong></span> <span class='ocrx_word' id='word_1_221' title='bbox 1034 3033 1168 3091; x_wconf 91' lang='lat' dir='ltr'><strong>mutauit.</strong></span> <span class='ocrx_word' id='word_1_222' title='bbox 1207 3030 1265 3090; x_wconf 92' lang='lat' dir='ltr'><strong>Sed</strong></span> 
     </span>
     <span class='ocr_line' id='line_1_29' title="bbox 92 3127 1264 3209; baseline -0.004 -17"><span class='ocrx_word' id='word_1_223' title='bbox 92 3148 148 3192; x_wconf 89' lang='lat' dir='ltr'><strong>cur</strong></span> <span class='ocrx_word' id='word_1_224' title='bbox 172 3148 269 3190; x_wconf 92' lang='lat' dir='ltr'><strong>nouus</strong></span> <span class='ocrx_word' id='word_1_225' title='bbox 293 3129 341 3189; x_wconf 89' lang='lat' dir='ltr'><strong>ille</strong></span> <span class='ocrx_word' id='word_1_226' title='bbox 365 3148 472 3190; x_wconf 90' lang='lat' dir='ltr'><strong>uersus</strong></span> <span class='ocrx_word' id='word_1_227' title='bbox 496 3133 526 3190; x_wconf 95' lang='lat' dir='ltr'><strong>in</strong></span> <span class='ocrx_word' id='word_1_228' title='bbox 550 3137 651 3191; x_wconf 89' lang='lat' dir='ltr'><strong>nostra</strong></span> <span class='ocrx_word' id='word_1_229' title='bbox 676 3128 782 3208; x_wconf 87' lang='lat' dir='ltr'><strong>lahula,</strong></span> <span class='ocrx_word' id='word_1_230' title='bbox 805 3128 833 3189; x_wconf 92' lang='lat' dir='ltr'><strong>h.</strong></span> <span class='ocrx_word' id='word_1_231' title='bbox 854 3148 877 3189; x_wconf 84' lang='lat' dir='ltr'><strong>e.</strong></span> <span class='ocrx_word' id='word_1_232' title='bbox 897 3127 983 3189; x_wconf 91' lang='lat' dir='ltr'><strong>Pluto</strong></span> <span class='ocrx_word' id='word_1_233' title='bbox 1006 3130 1181 3209; x_wconf 87' lang='lat' dir='ltr'><strong>posteriore,</strong></span> <span class='ocrx_word' id='word_1_234' title='bbox 1205 3146 1264 3187; x_wconf 92' lang='lat' dir='ltr'><strong>non</strong></span> 
     </span>
     <span class='ocr_line' id='line_1_30' title="bbox 90 3223 1266 3305; baseline -0.002 -19"><span class='ocrx_word' id='word_1_235' title='bbox 90 3223 223 3304; x_wconf 79' lang='lat' dir='ltr'><strong>legitur?</strong></span> <span class='ocrx_word' id='word_1_236' title='bbox 268 3228 426 3287; x_wconf 80' lang='lat' dir='ltr'><strong>Annotatio</strong></span> <span class='ocrx_word' id='word_1_237' title='bbox 454 3226 503 3287; x_wconf 91' lang='lat' dir='ltr'><strong>illa</strong></span> <span class='ocrx_word' id='word_1_238' title='bbox 531 3227 607 3287; x_wconf 85' lang='lat' dir='ltr'><strong>lacta</strong></span> <span class='ocrx_word' id='word_1_239' title='bbox 636 3236 681 3287; x_wconf 91' lang='lat' dir='ltr'><strong>est</strong></span> <span class='ocrx_word' id='word_1_240' title='bbox 709 3226 744 3287; x_wconf 92' lang='lat' dir='ltr'><strong>ah</strong></span> <span class='ocrx_word' id='word_1_241' title='bbox 774 3228 981 3305; x_wconf 90' lang='lat' dir='ltr'><strong>antiquissimo</strong></span> <span class='ocrx_word' id='word_1_242' title='bbox 1005 3228 1193 3304; x_wconf 92' lang='lat' dir='ltr'><strong>grammatico</strong></span> <span class='ocrx_word' id='word_1_243' title='bbox 1217 3224 1266 3286; x_wconf 85' lang='lat' dir='ltr'><strong>uel</strong></span> 
     </span>
     <span class='ocr_line' id='line_1_31' title="bbox 89 3323 1265 3405; baseline 0 -21"><span class='ocrx_word' id='word_1_244' title='bbox 89 3327 191 3405; x_wconf 91' lang='lat' dir='ltr'><strong>potius</strong></span> <span class='ocrx_word' id='word_1_245' title='bbox 220 3343 256 3384; x_wconf 81' lang='lat' dir='ltr'><strong>ex</strong></span> <span class='ocrx_word' id='word_1_246' title='bbox 284 3344 319 3384; x_wconf 93' lang='lat' dir='ltr'><strong>eo</strong></span> <span class='ocrx_word' id='word_1_247' title='bbox 348 3327 508 3405; x_wconf 81' lang='lat' dir='ltr'><strong>exscripta,</strong></span> <span class='ocrx_word' id='word_1_248' title='bbox 540 3327 592 3403; x_wconf 92' lang='lat' dir='ltr'><strong>qui</strong></span> <span class='ocrx_word' id='word_1_249' title='bbox 620 3334 670 3385; x_wconf 89' lang='lat' dir='ltr'><strong>aut</strong></span> <span class='ocrx_word' id='word_1_250' title='bbox 699 3333 855 3404; x_wconf 90' lang='lat' dir='ltr'><strong>utramque</strong></span> <span class='ocrx_word' id='word_1_251' title='bbox 878 3324 957 3383; x_wconf 88' lang='lat' dir='ltr'><strong>Pluti</strong></span> <span class='ocrx_word' id='word_1_252' title='bbox 985 3323 1144 3384; x_wconf 91' lang='lat' dir='ltr'><strong>editionem</strong></span> <span class='ocrx_word' id='word_1_253' title='bbox 1172 3326 1265 3405; x_wconf 90' lang='lat' dir='ltr'><strong>possi·</strong></span> 
     </span>
     <span class='ocr_line' id='line_1_32' title="bbox 92 3420 1264 3503; baseline -0.001 -21"><span class='ocrx_word' id='word_1_254' title='bbox 92 3422 191 3503; x_wconf 90' lang='lat' dir='ltr'><strong>debat,</strong></span> <span class='ocrx_word' id='word_1_255' title='bbox 215 3429 266 3482; x_wconf 91' lang='lat' dir='ltr'><strong>aut</strong></span> <span class='ocrx_word' id='word_1_256' title='bbox 288 3422 367 3500; x_wconf 90' lang='lat' dir='ltr'><strong>quod</strong></span> <span class='ocrx_word' id='word_1_257' title='bbox 387 3422 579 3482; x_wconf 89' lang='lat' dir='ltr'><strong>uerisimilius</strong></span> <span class='ocrx_word' id='word_1_258' title='bbox 599 3430 653 3503; x_wconf 92' lang='lat' dir='ltr'><strong>est,</strong></span> <span class='ocrx_word' id='word_1_259' title='bbox 676 3425 833 3500; x_wconf 90' lang='lat' dir='ltr'><strong>utriusque</strong></span> <span class='ocrx_word' id='word_1_260' title='bbox 854 3421 969 3482; x_wconf 87' lang='lat' dir='ltr'><strong>fabulae</strong></span> <span class='ocrx_word' id='word_1_261' title='bbox 988 3420 1173 3482; x_wconf 90' lang='lat' dir='ltr'><strong>collationem</strong></span> <span class='ocrx_word' id='word_1_262' title='bbox 1192 3440 1264 3481; x_wconf 90' lang='lat' dir='ltr'><strong>non·</strong></span> 
     </span>
     <span class='ocr_line' id='line_1_33' title="bbox 92 3509 1266 3600; baseline 0 -20"><span class='ocrx_word' id='word_1_263' title='bbox 92 3519 184 3581; x_wconf 93' lang='lat' dir='ltr'><strong>nullis</strong></span> <span class='ocrx_word' id='word_1_264' title='bbox 208 3523 238 3580; x_wconf 96' lang='lat' dir='ltr'><strong>in</strong></span> <span class='ocrx_word' id='word_1_265' title='bbox 258 3519 331 3579; x_wconf 93' lang='lat' dir='ltr'><strong>locis</strong></span> <span class='ocrx_word' id='word_1_266' title='bbox 350 3521 516 3579; x_wconf 88' lang='lat' dir='ltr'><strong>institutam</strong></span> <span class='ocrx_word' id='word_1_267' title='bbox 536 3518 664 3598; x_wconf 85' lang='lat' dir='ltr'><strong>legebat:</strong></span> <span class='ocrx_word' id='word_1_268' title='bbox 687 3523 713 3581; x_wconf 89' lang='lat' dir='ltr'><strong>is</strong></span> <span class='ocrx_word' id='word_1_269' title='bbox 732 3528 840 3600; x_wconf 91' lang='lat' dir='ltr'><strong>autem,</strong></span> <span class='ocrx_word' id='word_1_270' title='bbox 864 3537 932 3580; x_wconf 91' lang='lat' dir='ltr'><strong>cum</strong></span> <span class='ocrx_word' id='word_1_271' title='bbox 951 3509 1027 3579; x_wconf 85' lang='lat' dir='ltr'><strong>hanc</strong></span> <span class='ocrx_word' id='word_1_272' title='bbox 1046 3522 1266 3580; x_wconf 87' lang='lat' dir='ltr'><strong>annotationem</strong></span> 
     </span>
     <span class='ocr_line' id='line_1_34' title="bbox 92 3615 1265 3699; baseline 0 -21"><span class='ocrx_word' id='word_1_273' title='bbox 92 3617 248 3699; x_wconf 91' lang='lat' dir='ltr'><strong>scriberet,</strong></span> <span class='ocrx_word' id='word_1_274' title='bbox 273 3635 395 3678; x_wconf 92' lang='lat' dir='ltr'><strong>uersum</strong></span> <span class='ocrx_word' id='word_1_275' title='bbox 413 3615 506 3697; x_wconf 87' lang='lat' dir='ltr'><strong>illum,</strong></span> <span class='ocrx_word' id='word_1_276' title='bbox 529 3626 563 3678; x_wconf 92' lang='lat' dir='ltr'><strong>ut</strong></span> <span class='ocrx_word' id='word_1_277' title='bbox 586 3619 739 3697; x_wconf 87' lang='lat' dir='ltr'><strong>legebatur</strong></span> <span class='ocrx_word' id='word_1_278' title='bbox 762 3620 793 3678; x_wconf 93' lang='lat' dir='ltr'><strong>in</strong></span> <span class='ocrx_word' id='word_1_279' title='bbox 817 3617 904 3678; x_wconf 90' lang='lat' dir='ltr'><strong>Pluto</strong></span> <span class='ocrx_word' id='word_1_280' title='bbox 928 3619 1038 3696; x_wconf 90' lang='lat' dir='ltr'><strong>priore,</strong></span> <span class='ocrx_word' id='word_1_281' title='bbox 1061 3620 1092 3676; x_wconf 94' lang='lat' dir='ltr'><strong>in</strong></span> <span class='ocrx_word' id='word_1_282' title='bbox 1117 3617 1265 3697; x_wconf 83' lang='lat' dir='ltr'><strong>exemplar</strong></span> 
     </span>
     <span class='ocr_line' id='line_1_35' title="bbox 92 3715 1265 3794; baseline 0 -19"><span class='ocrx_word' id='word_1_283' title='bbox 92 3734 181 3776; x_wconf 92' lang='lat' dir='ltr'><strong>suum</strong></span> <span class='ocrx_word' id='word_1_284' title='bbox 210 3717 334 3794; x_wconf 90' lang='lat' dir='ltr'><strong>recepit,</strong></span> <span class='ocrx_word' id='word_1_285' title='bbox 368 3722 402 3774; x_wconf 89' lang='lat' dir='ltr'><strong>ut</strong></span> <span class='ocrx_word' id='word_1_286' title='bbox 428 3717 626 3776; x_wconf 88' lang='lat' dir='ltr'><strong>annotationis</strong></span> <span class='ocrx_word' id='word_1_287' title='bbox 655 3715 747 3777; x_wconf 87' lang='lat' dir='ltr'><strong>uerba</strong></span> <span class='ocrx_word' id='word_1_288' title='bbox 775 3717 810 3776; x_wconf 87' lang='lat' dir='ltr'><strong>ad</strong></span> <span class='ocrx_word' id='word_1_289' title='bbox 839 3717 1003 3794; x_wconf 83' lang='lat' dir='ltr'><strong>marginem</strong></span> <span class='ocrx_word' id='word_1_290' title='bbox 1028 3717 1139 3792; x_wconf 91' lang='lat' dir='ltr'><strong>scripta</strong></span> <span class='ocrx_word' id='word_1_291' title='bbox 1166 3718 1265 3776; x_wconf 89' lang='lat' dir='ltr'><strong>statim</strong></span> 
     </span>
     <span class='ocr_line' id='line_1_36' title="bbox 93 3811 1266 3893; baseline -0.001 -20"><span class='ocrx_word' id='word_1_292' title='bbox 93 3813 200 3874; x_wconf 93' lang='lat' dir='ltr'><strong>melius</strong></span> <span class='ocrx_word' id='word_1_293' title='bbox 229 3812 487 3893; x_wconf 85' lang='lat' dir='ltr'><strong>intellegerentur,</strong></span> <span class='ocrx_word' id='word_1_294' title='bbox 520 3821 608 3891; x_wconf 90' lang='lat' dir='ltr'><strong>atque</strong></span> <span class='ocrx_word' id='word_1_295' title='bbox 638 3814 706 3873; x_wconf 91' lang='lat' dir='ltr'><strong>inde</strong></span> <span class='ocrx_word' id='word_1_296' title='bbox 735 3813 814 3874; x_wconf 94' lang='lat' dir='ltr'><strong>hunc</strong></span> <span class='ocrx_word' id='word_1_297' title='bbox 841 3815 951 3893; x_wconf 87' lang='lat' dir='ltr'><strong>prioris</strong></span> <span class='ocrx_word' id='word_1_298' title='bbox 978 3811 1057 3872; x_wconf 89' lang='lat' dir='ltr'><strong>Pluti</strong></span> <span class='ocrx_word' id='word_1_299' title='bbox 1086 3830 1207 3872; x_wconf 90' lang='lat' dir='ltr'><strong>uersum</strong></span> <span class='ocrx_word' id='word_1_300' title='bbox 1235 3814 1266 3872; x_wconf 93' lang='lat' dir='ltr'><strong>in</strong></span> 
     </span>
     <span class='ocr_line' id='line_1_37' title="bbox 93 3905 1265 3989; baseline 0 -20"><span class='ocrx_word' id='word_1_301' title='bbox 93 3909 186 3970; x_wconf 90' lang='lat' dir='ltr'><strong>libros</strong></span> <span class='ocrx_word' id='word_1_302' title='bbox 220 3919 338 3969; x_wconf 89' lang='lat' dir='ltr'><strong>nostros</strong></span> <span class='ocrx_word' id='word_1_303' title='bbox 366 3911 417 3988; x_wconf 90' lang='lat' dir='ltr'><strong>qui</strong></span> <span class='ocrx_word' id='word_1_304' title='bbox 446 3908 585 3971; x_wconf 84' lang='lat' dir='ltr'><strong>exhibent</strong></span> <span class='ocrx_word' id='word_1_305' title='bbox 617 3908 814 3989; x_wconf 89' lang='lat' dir='ltr'><strong>posteriorem</strong></span> <span class='ocrx_word' id='word_1_306' title='bbox 844 3912 1002 3989; x_wconf 86' lang='lat' dir='ltr'><strong>irrepsisse</strong></span> <span class='ocrx_word' id='word_1_307' title='bbox 1035 3905 1175 3970; x_wconf 86' lang='lat' dir='ltr'><strong>conicio’</strong></span> <span class='ocrx_word' id='word_1_308' title='bbox 1221 3909 1265 3969; x_wconf 84' lang='lat' dir='ltr'><strong>Ex</strong></span> 
     </span>
     <span class='ocr_line' id='line_1_38' title="bbox 94 4007 1266 4087; baseline 0 -20"><span class='ocrx_word' id='word_1_309' title='bbox 94 4007 203 4068; x_wconf 82' lang='lat' dir='ltr'><strong>Ritteri</strong></span> <span class='ocrx_word' id='word_1_310' title='bbox 229 4010 320 4086; x_wconf 86' lang='lat' dir='ltr'><strong>igitur</strong></span> <span class='ocrx_word' id='word_1_311' title='bbox 348 4009 493 4067; x_wconf 89' lang='lat' dir='ltr'><strong>sententia</strong></span> <span class='ocrx_word' id='word_1_312' title='bbox 521 4007 577 4068; x_wconf 93' lang='lat' dir='ltr'><strong>hoc</strong></span> <span class='ocrx_word' id='word_1_313' title='bbox 606 4009 684 4087; x_wconf 93' lang='lat' dir='ltr'><strong>quod</strong></span> <span class='ocrx_word' id='word_1_314' title='bbox 709 4017 869 4071; x_wconf 87' lang='lat' dir='ltr'><strong>tractamus</strong></span> <span class='ocrx_word' id='word_1_315' title='bbox 893 4007 1027 4069; x_wconf 92' lang='lat' dir='ltr'><strong>scholion</strong></span> <span class='ocrx_word' id='word_1_316' title='bbox 1050 4007 1086 4066; x_wconf 86' lang='lat' dir='ltr'><strong>ad</strong></span> <span class='ocrx_word' id='word_1_317' title='bbox 1110 4010 1266 4086; x_wconf 88' lang='lat' dir='ltr'><strong>antiquum</strong></span> 
     </span>
     <span class='ocr_line' id='line_1_39' title="bbox 95 4104 1264 4186; baseline 0.003 -22"><span class='ocrx_word' id='word_1_318' title='bbox 95 4108 318 4184; x_wconf 88' lang='lat' dir='ltr'><strong>grammaticum</strong></span> <span class='ocrx_word' id='word_1_319' title='bbox 333 4104 523 4165; x_wconf 82' lang='lat' dir='ltr'><strong>referendum</strong></span> <span class='ocrx_word' id='word_1_320' title='bbox 538 4113 592 4186; x_wconf 89' lang='lat' dir='ltr'><strong>est,</strong></span> <span class='ocrx_word' id='word_1_321' title='bbox 611 4109 663 4184; x_wconf 90' lang='lat' dir='ltr'><strong>qui</strong></span> <span class='ocrx_word' id='word_1_322' title='bbox 682 4115 838 4186; x_wconf 90' lang='lat' dir='ltr'><strong>utramque</strong></span> <span class='ocrx_word' id='word_1_323' title='bbox 853 4106 931 4167; x_wconf 88' lang='lat' dir='ltr'><strong>Ploti</strong></span> <span class='ocrx_word' id='word_1_324' title='bbox 951 4106 1111 4166; x_wconf 90' lang='lat' dir='ltr'><strong>editionem</strong></span> <span class='ocrx_word' id='word_1_325' title='bbox 1129 4105 1264 4167; x_wconf 84' lang='lat' dir='ltr'><strong>hahebat</strong></span> 
     </span>
     <span class='ocr_line' id='line_1_40' title="bbox 94 4201 1263 4287; baseline 0.002 -24"><span class='ocrx_word' id='word_1_326' title='bbox 94 4202 174 4264; x_wconf 89' lang='lat' dir='ltr'><strong>Haec</strong></span> <span class='ocrx_word' id='word_1_327' title='bbox 195 4222 306 4263; x_wconf 89' lang='lat' dir='ltr'><strong>summa</strong></span> <span class='ocrx_word' id='word_1_328' title='bbox 327 4205 392 4263; x_wconf 90' lang='lat' dir='ltr'><strong>eius</strong></span> <span class='ocrx_word' id='word_1_329' title='bbox 411 4201 614 4283; x_wconf 84' lang='lat' dir='ltr'><strong>explicationis</strong></span> <span class='ocrx_word' id='word_1_330' title='bbox 632 4205 761 4283; x_wconf 89' lang='lat' dir='ltr'><strong>putanda</strong></span> <span class='ocrx_word' id='word_1_331' title='bbox 781 4215 839 4287; x_wconf 72' lang='lat' dir='ltr'><strong>est,</strong></span> <span class='ocrx_word' id='word_1_332' title='bbox 862 4205 1033 4265; x_wconf 88' lang='lat' dir='ltr'><strong>discernere</strong></span> <span class='ocrx_word' id='word_1_333' title='bbox 1053 4206 1141 4285; x_wconf 92' lang='lat' dir='ltr'><strong>enim,</strong></span> <span class='ocrx_word' id='word_1_334' title='bbox 1161 4212 1263 4265; x_wconf 91' lang='lat' dir='ltr'><strong>utrum</strong></span> 
     </span>
     <span class='ocr_line' id='line_1_41' title="bbox 95 4301 1266 4383; baseline -0.004 -22"><span class='ocrx_word' id='word_1_335' title='bbox 95 4301 143 4361; x_wconf 89' lang='lat' dir='ltr'><strong>ille</strong></span> <span class='ocrx_word' id='word_1_336' title='bbox 172 4304 381 4380; x_wconf 87' lang='lat' dir='ltr'><strong>grammaticus</strong></span> <span class='ocrx_word' id='word_1_337' title='bbox 409 4304 471 4380; x_wconf 91' lang='lat' dir='ltr'><strong>ipse</strong></span> <span class='ocrx_word' id='word_1_338' title='bbox 502 4301 575 4362; x_wconf 90' lang='lat' dir='ltr'><strong>duas</strong></span> <span class='ocrx_word' id='word_1_339' title='bbox 600 4305 790 4363; x_wconf 89' lang='lat' dir='ltr'><strong>recensiones</strong></span> <span class='ocrx_word' id='word_1_340' title='bbox 818 4302 986 4383; x_wconf 91' lang='lat' dir='ltr'><strong>possederit</strong></span> <span class='ocrx_word' id='word_1_341' title='bbox 1009 4321 1046 4362; x_wconf 88' lang='lat' dir='ltr'><strong>en</strong></span> <span class='ocrx_word' id='word_1_342' title='bbox 1070 4321 1126 4362; x_wconf 85' lang='lat' dir='ltr'><strong>sua</strong></span> <span class='ocrx_word' id='word_1_343' title='bbox 1146 4320 1185 4360; x_wconf 74' lang='lat' dir='ltr'><strong>er</strong></span> <span class='ocrx_word' id='word_1_344' title='bbox 1207 4301 1266 4358; x_wconf 82' lang='lat' dir='ltr'><strong>coi·</strong></span> 
     </span>
     <span class='ocr_line' id='line_1_42' title="bbox 94 4386 1307 4483; baseline -0.008 -25"><span class='ocrx_word' id='word_1_345' title='bbox 94 4399 204 4460; x_wconf 88' lang='lat' dir='ltr'><strong>latione</strong></span> <span class='ocrx_word' id='word_1_346' title='bbox 226 4386 381 4480; x_wconf 79' lang='lat' dir='ltr'><strong>utriusque</strong></span> <span class='ocrx_word' id='word_1_347' title='bbox 401 4399 518 4462; x_wconf 86' lang='lat' dir='ltr'><strong>tabulae</strong></span> <span class='ocrx_word' id='word_1_348' title='bbox 537 4403 570 4463; x_wconf 91' lang='lat' dir='ltr'><strong>in</strong></span> <span class='ocrx_word' id='word_1_349' title='bbox 589 4403 727 4483; x_wconf 79' lang='lat' dir='ltr'><strong>margine</strong></span> <span class='ocrx_word' id='word_1_350' title='bbox 745 4402 828 4463; x_wconf 84' lang='lat' dir='ltr'><strong>lacta</strong></span> <span class='ocrx_word' id='word_1_351' title='bbox 840 4401 998 4476; x_wconf 76' lang='lat' dir='ltr'><strong>hauserit,</strong></span> <span class='ocrx_word' id='word_1_352' title='bbox 1010 4395 1133 4455; x_wconf 60' lang='lat' dir='ltr'><strong>nullius</strong></span> <span class='ocrx_word' id='word_1_353' title='bbox 1146 4389 1307 4448; x_wconf 50' lang='lat' dir='ltr'><strong>mosam&amp;</strong></span> 
     </span>
    </p>
   </div>
   <div class='ocr_carea' id='block_1_3' title="bbox 0 0 1414 4740">
    <p class='ocr_par' dir='ltr' id='par_1_4' title="bbox 0 0 1414 4740">
     <span class='ocr_line' id='line_1_43' title="bbox 0 0 1414 4740; baseline 0 0"><span class='ocrx_word' id='word_1_354' title='bbox 0 0 1414 4740; x_wconf 95' lang='lat' dir='ltr'><strong> </strong></span> 
     </span>
    </p>
   </div>
  </div>
 </body>
</html>
