2798 4740
580 284 799 348 „gg-

96 449 344 530 quibuscumque
366 450 440 511 locis
462 447 609 528 Apollonii
632 464 739 507 nomen
758 447 920 526 inuenitur,
944 446 973 505 ei
991 447 1069 505 inter
1089 463 1120 519 se
1136 443 1277 505 simillimi

96 557 131 608 et
159 546 238 608 tales
261 556 341 629 sunt,
368 559 402 610 ut
434 565 486 608 eos
514 548 545 605 in
573 544 629 605 alio
652 543 728 605 libro
756 561 842 621 quam
872 546 901 603 in
931 545 1142 603 commentario
1165 544 1276 602 Aristo-

96 643 222 723 phaneo
249 646 381 704 inueniri
409 645 543 724 potuisse
571 641 649 701 haud
673 641 757 702 facile
782 641 835 701 tibi
858 642 1045 720 persuadeas,
1094 639 1276 719 Discipulum

97 761 173 802 eum
206 741 299 802 luisse
332 741 510 820 Aristarchi,
542 741 724 818 grammatici
757 739 836 799 illius
873 738 1073 818 celeberrimi,
1111 737 1301 813 luculenter¹

97 841 323 900 demonstrauit
345 838 426 919 Blau,
450 858 477 917 p.
501 834 545 899 50
568 857 632 916 sqq.

195 940 234 998 At
262 956 299 998 ex
327 944 387 997 tota
415 936 469 996 hac
498 934 745 1014 contemplatione
773 933 844 1012 quid
872 933 948 993 lucri
979 929 1133 993 aufertur?
1174 933 1277 992 Nonne

98 1036 161 1097 hac
186 1035 260 1094 nihil
284 1052 338 1094 nos
360 1035 506 1114 prolicere
526 1042 656 1113 apparet,
679 1034 748 1110 quia
767 1031 939 1110 Apollonius
957 1030 1163 1109 Aristophanis
1187 1030 1278 1090 uerba

97 1145 189 1193 recte
212 1132 249 1192 ad
268 1131 487 1211 Thrasybulum
509 1130 591 1190 illum
611 1132 798 1189 notissimum
822 1131 934 1207 patriae
959 1127 1104 1187 libertatis
1131 1127 1279 1187 uindicem

100 1241 134 1291 et
159 1231 334 1311 Dionysium
357 1238 515 1309 tyrannum
538 1224 675 1288 rettulit?
711 1227 814 1287 Nonne
838 1229 864 1285 is
888 1245 920 1284 se
945 1227 1139 1303 posteriorem
1160 1225 1279 1285 Plutum

99 1335 236 1390 tractare
255 1327 409 1388 censuisse
429 1322 556 1386 clamat?
586 1325 677 1386 Recte
696 1325 768 1385 baec
788 1323 934 1402 disputata
953 1321 1104 1402 uidentur,
1123 1341 1181 1382 non
1202 1333 1280 1402 sunt,

100 1444 206 1505 neque
239 1443 360 1504 uereor,
394 1441 431 1483 ne
465 1441 539 1502 quae
570 1424 644 1503 dixi,
676 1442 709 1482 ea
742 1424 890 1481 incassum
923 1422 1019 1479 omnia
1052 1420 1280 1498 explanauerim.

102 1523 206 1602 Supra
233 1524 291 1582 iam
320 1540 368 1581 me
397 1521 508 1581 similes
532 1519 731 1580 dubitationes
754 1519 928 1598 propulsare
952 1521 1073 1577 memini
1102 1520 1279 1599 easdemque

104 1639 214 1682 causas
238 1638 318 1680 nunc
337 1620 436 1679 lacere
460 1637 519 1678 non
537 1636 668 1699 possum,
692 1620 763 1696 quin
788 1635 922 1695 magnam
945 1625 1060 1693 partem
1083 1617 1142 1677 huc
1162 1637 1280 1696 quoque

104 1719 231 1780 traham.
282 1716 355 1777 Nam
392 1718 520 1796 primum
552 1715 724 1794 Apollonius
756 1732 933 1793 quamquam
965 1713 1141 1796 Aristarchi,
1174 1719 1282 1776 summi

104 1817 303 1894 grammatici,
327 1813 491 1892 discipulus
514 1824 591 1892 erat,
618 1824 716 1873 tamen
744 1812 909 1872 cauendum
933 1821 987 1892 est,
1017 1832 1054 1872 ne
1083 1813 1119 1872 ab
1143 1834 1178 1873 eo
1202 1832 1281 1873 com-

106 1914 290 1973 mentarium
314 1911 451 1971 omnibus
470 1913 604 1970 numeris
623 1910 790 1971 absolutum
814 1912 1016 1989 conscriptum
1044 1929 1109 1970 esse
1132 1920 1281 1991 putemus,

105 2013 139 2070 in
164 2028 224 2088 quo
249 2028 285 2069 ne
310 2008 457 2070 tantillum
481 2008 600 2086 quidem
622 2011 734 2068 erroris
757 2010 877 2068 inesset.
923 2007 1000 2067 Nihil
1028 2009 1120 2085 igitur
1150 2009 1282 2088 impedit,

107 2109 272 2187 quominus
298 2125 368 2167 etam
392 2125 511 2185 quoque
535 2107 571 2165 de
595 2109 695 2186 priore
718 2106 804 2167 Pluto
827 2108 985 2185 cogitasse,
1015 2107 1065 2165 sed
1091 2106 1282 2166 nihilominus

107 2223 233 2266 uersum
264 2204 391 2283 aliquem
422 2212 503 2264 recte
534 2207 761 2283 interpretatum
790 2222 854 2264 esse
885 2203 931 2263 uel
965 2202 1061 2263 uideri
1093 2204 1282 2264 arbitremur.

107 2301 305 2381 Videmusne,
333 2311 367 2362 ut
390 2305 420 2362 in
449 2300 629 2361 scholiorum
655 2304 792 2379 congerie
820 2311 938 2380 praeter
962 2300 1040 2360 illam
1064 2302 1213 2380 Apollonii
1233 2322 1281 2362 ex·

110 2399 302 2478 plicationem
331 2403 418 2460 etiam
448 2399 520 2458 aliae
549 2399 718 2478 complures
745 2401 836 2459 insint
864 2399 1081 2478 adnotationes,
1113 2419 1148 2459 ex
1174 2401 1283 2479 quibus

111 2498 141 2556 si
159 2495 330 2557 scholiastas
348 2496 468 2558 Plutum
488 2499 685 2574 posteriorem
704 2496 802 2575 legere
818 2495 874 2555 sibi
895 2498 974 2554 uisos
994 2514 1059 2554 esse
1079 2497 1284 2577 concluderes

110 2593 192 2653 hanc
214 2594 436 2655 conclusionem
461 2593 561 2654 lalsam
585 2596 648 2654 iore
672 2597 743 2654 satis
762 2610 912 2672 superque
937 2592 1189 2653 demonstrauisse
1211 2595 1284 2655 mihi

108 2689 225 2751 uideor.
272 2691 367 2752 Porro
398 2696 422 2752 si
457 2691 630 2772 Apollonius
657 2692 735 2752 Pluti
766 2690 894 2750 fabulam
925 2691 965 2750 ita
995 2690 1218 2772 explicauisset,
1252 2702 1284 2751 nt

107 2789 231 2849 Plutum
250 2807 325 2870 eam,
349 2808 436 2868 quam
455 2791 713 2871 interpretaretur,
736 2789 933 2868 posteriorem
953 2806 1018 2848 esse
1039 2808 1073 2848 ex
1099 2789 1200 2850 uerbis
1219 2792 1284 2850 eius

106 2885 212 2964 colligi
239 2895 350 2968 posset,
378 2889 544 2947 certissime
568 2886 723 2968 Didymus,
747 2886 818 2945 mihi
842 2885 943 2945 crede!
973 2888 1004 2946 in
1028 2895 1086 2946 tam
1111 2907 1284 2966 peruersam

107 2985 292 3044 sententiam
315 3002 476 3063 numquam
499 2983 659 3043 incidisset.
702 2983 767 3043 Non
791 2986 882 3061 igitur
902 2983 1000 3065 uideo,
1023 3004 1077 3044 cur
1097 2986 1284 3064 Apollonium

107 3085 211 3160 ipsum
236 3099 354 3160 quoque
377 3084 509 3160 priorem
532 3081 651 3142 Plutum
675 3091 801 3143 tractare
831 3081 888 3140 sibi
912 3084 1011 3141 uisum
1034 3102 1100 3142 esse
1124 3104 1185 3144 non
1209 3085 1285 3144 arbi-

106 3189 236 3239 tremor.

202 3275 247 3337 lv,
289 3275 349 3335 lam
377 3279 468 3355 igitur
496 3295 591 3355 usque
620 3278 654 3337 ad
678 3277 825 3357 Apollonii
848 3287 973 3338 aetatem
997 3280 1060 3356 nel,
1084 3281 1223 3357 quoniam
1247 3300 1285 3341 ne

105 3374 160 3434 hic
190 3373 310 3454 quidem
340 3377 503 3435 consistere
532 3375 615 3456 licet,
645 3376 680 3435 ad
708 3376 873 3435 Aristarchi
902 3385 1034 3455 tempora
1067 3377 1286 3461 descendimus,

106 3472 165 3532 sed
193 3472 326 3532 nondum
355 3491 479 3551 usquam
508 3491 686 3552 quemquam
714 3474 933 3554 indagauimus,
967 3494 1054 3553 quem
1088 3462 1305 3554 posteriorem¹

105 3570 232 3631 Plutum
255 3571 313 3631 sibi
336 3570 435 3649 legere
458 3574 557 3631 uisum
581 3590 646 3632 esse
666 3572 813 3631 affirmare
833 3574 991 3650 possimus.
1033 3571 1126 3631 Immo
1150 3576 1287 3637 neultra

107 3669 233 3748 quidem
252 3668 417 3729 Aristarchi
435 3678 567 3748 tempora
587 3687 765 3749 quemquam
789 3668 825 3728 de
844 3672 1009 3747 posteriore
1029 3669 1115 3730 Pluto
1139 3675 1287 3755 cogitasse

108 3767 272 3846 contendo,
296 3768 465 3826 testimonio
488 3786 561 3828 usos
585 3768 697 3828 scholio
722 3767 757 3826 ad
783 3786 809 3826 u.
836 3762 907 3826 179.
955 3766 1074 3826 Nouum
1098 3769 1129 3828 in
1152 3788 1188 3830 eo
1212 3772 1289 3835 alius

109 3865 288 3944 interpretis
302 3864 510 3943 Aristophanei
525 3875 621 3926 exstat
635 3884 752 3945 nomen,
767 3863 934 3924 Callistrati.
963 3863 1097 3924 Primum
1113 3868 1289 3949 intellegere

108 3960 294 4042 studeamus,
313 3962 385 4041 quid
406 3962 454 4023 ille
474 3965 510 4023 de
530 3983 637 4025 uersus
660 3963 720 4026 179
741 3962 935 4041 explicatione
955 3965 1092 4024 senserit.
1126 3965 1290 4047 Postquam

109 4061 150 4120 de
174 4058 263 4118 Laide
287 4061 456 4138 expositum
479 4060 574 4140 deque
595 4065 659 4122 eius
683 4070 777 4121 aetate
798 4059 964 4119 dubitatum
989 4070 1043 4142 est,
1067 4061 1226 4127 scholiasta
1245 4068 1290 4127 sic

110 4158 215 4217 dicere
238 4159 351 4236 pergit:
377 4157 570 4238 Φιλωνίδην
594 4151 631 4218 dt
655 4150 696 4219 οὐ
720 4149 779 4218 τὸν
802 4148 944 4236 ποιητήν
967 4170 1051 4238 φησι
1074 4152 1134 4221 τὸν
1158 4159 1195 4224 ἐν
1220 4172 1290 4237 τοῖς
1314 4156 1317 4161 ’

106 4249 397 4336 Ἀριστοφανείοις
425 4251 693 4336 ἐγγεγραμμένον
717 4251 899 4336 δράμασιν,
928 4247 972 4329 ὡς
1000 4255 1035 4317 ol
1060 4254 1137 4338 περὶ
1165 4260 1290 4322 Καλλί-

110 4365 259 4433 στρατον
278 4346 453 4431 <οῑονται>
478 4349 513 4413 ἐν
532 4352 571 4433 τῇ
592 4344 769 4436 ὁμωνυμίᾳ
787 4349 1026 4433 πλανηθέντες*
1051 4347 1136 4418 ἀλλὰ
1154 4361 1222 4421 κτλ.
1253 4358 1291 4419 tti

1038 4457 1075 4507 6*
