2798 4740
599 289 813 351 „76-

122 457 242 509 ueteres
265 449 384 510 Plutum
409 453 604 528 posteriorem
626 451 733 529 legisse
753 452 870 512 ostendi
888 452 985 512 uideri
1004 471 1100 534 posse,
1124 449 1299 530 complures

121 549 210 607 etiam
238 548 318 608 locos
347 548 445 627 attuli,
480 568 514 608 ex
543 548 651 626 quibus
680 548 854 609 didascaliae
883 552 1055 610 memoriam
1086 556 1202 609 rectam
1231 566 1299 609 esse

121 645 258 724 colligere
290 665 406 726 posses,
439 648 495 706 nisi
524 654 614 724 esset,
643 646 720 724 quod
746 646 830 707 aliter
854 647 1062 707 iudicaremus
1110 645 1198 707 Nunc
1224 664 1299 706 uero

122 743 234 821 aliquot
264 744 435 804 scholiastes
464 764 495 804 se
523 747 654 823 priorem
677 742 797 803 Plutum
825 743 923 822 legere
953 744 1009 804 sihi
1038 746 1119 805 uisos
1147 762 1216 804 esse
1244 763 1299 823 ap-

123 842 229 918 paruit.
262 840 343 901 Hanc
368 841 571 902 difficultatem
597 841 732 900 facillime
757 844 787 900 in
810 841 890 901 hunc
910 842 972 901 fere
992 841 1112 902 modum
1136 841 1299 902 submoue-

121 937 226 998 bimus.
277 939 429 1017 Quotquot
461 941 539 999 enim
574 957 664 1017 supra
698 946 846 1015 tamquam
877 939 913 997 ad
946 939 1133 1000 didascaliam
1169 939 1298 998 fulcien-

121 1034 187 1094 dam
220 1036 306 1096 attuli
338 1037 461 1110 scholia,
494 1039 524 1095 in
553 1031 655 1096 eorum
685 1034 766 1095 mdlo
794 1054 810 1094 a
839 1035 1005 1096 scholiastis
1033 1055 1065 1096 se
1093 1037 1298 1115 posteriorem

121 1131 240 1191 Plutum
264 1141 391 1193 tractare
415 1133 535 1193 disertis
559 1132 660 1191 uerhis
685 1114 867 1213 declaratum
892 1151 980 1211 quam
999 1135 1177 1193 sententiam
1198 1135 1225 1192 si
1244 1151 1300 1193 eos

119 1228 257 1288 habuisse
282 1229 419 1290 arbitrari
443 1232 498 1310 uis,
520 1230 577 1289 hoc
602 1249 636 1290 ex
662 1249 766 1290 eorum
791 1231 908 1290 silentio
933 1230 1123 1291 efficiendum
1148 1239 1209 1311 est,
1236 1250 1299 1310 quo

120 1330 202 1405 quasi
236 1326 362 1387 inuoluti
396 1331 527 1406 priorem
555 1329 674 1390 Plutum
705 1337 906 1407 praetereunt.
959 1326 1021 1387 Hoc
1055 1346 1124 1388 sane
1154 1329 1300 1408 colligere

121 1424 234 1505 liceret,
258 1428 283 1485 si
307 1443 343 1484 ex
367 1425 505 1486 omnihus
524 1426 602 1487 Pluti
627 1426 747 1486 scholiis
773 1427 851 1486 idem
876 1425 1112 1486 concludendum
1132 1434 1221 1487 esset.
1262 1427 1301 1489 Vt

120 1530 218 1582 alitem
242 1531 416 1600 argumenta
438 1523 486 1583 illa
511 1542 585 1601 quae
610 1532 756 1584 uocantur
780 1543 815 1582 ex
840 1523 967 1601 silentio,
990 1523 1039 1583 uel
1063 1542 1117 1602 per
1141 1543 1173 1583 se
1198 1527 1300 1604 suspi-

119 1622 197 1680 cioni
226 1620 351 1680 obnoxia
379 1630 410 1681 et
438 1622 500 1681 fere
524 1640 642 1700 semper
667 1621 761 1683 futilia
785 1641 818 1681 ac
844 1622 953 1682 caduca
977 1629 1061 1701 sunt,
1092 1622 1136 1681 sic
1159 1622 1217 1682 hoo
1242 1642 1299 1702 po-

120 1720 266 1780 tissimum
290 1718 354 1778 loeo
379 1718 413 1778 ad
439 1737 472 1778 ea
496 1720 656 1796 confugere
682 1738 717 1779 ne
741 1739 815 1798 opus
835 1719 956 1797 quidem
974 1728 1032 1779 est:
1057 1738 1095 1779 en
1114 1723 1194 1780 enim
1215 1730 1298 1800 pate-

120 1818 195 1876 facta
214 1824 260 1876 est
278 1815 364 1876 nobis
383 1816 419 1875 ad
438 1819 578 1895 optimam
593 1818 737 1877 rationem
754 1819 809 1878 uia.
843 1816 916 1876 Nam
932 1819 1071 1895 quoniam
1087 1835 1297 1898 quaecumque

120 1913 206 1974 nohis
230 1914 336 1974 tradita
361 1921 430 1973 sunt
454 1915 564 1974 scholia
583 1915 806 1994 Aristophanes,
831 1934 863 1974 ea
886 1916 983 1974 omnia
1008 1932 1127 1975 extruo
1150 1916 1297 1995 pleraque

121 2014 333 2072 commentario
358 2014 423 2072 siue
444 2011 611 2092 Symmachi
635 2014 699 2072 siue
724 2011 838 2090 Didymi
862 2020 1001 2090 congesta
1026 2030 1092 2072 esse
1116 2023 1233 2074 constat
1259 2016 1297 2075 ab

119 2108 289 2169 hominibus
313 2111 488 2187 posterioris
512 2112 616 2170 aetatis
640 2112 697 2189 eis,
726 2110 777 2187 qui
800 2117 918 2188 praeter
942 2108 1022 2168 hunc
1046 2114 1297 2172 commentarium

119 2206 167 2267 uel
196 2225 255 2266 non
283 2209 341 2266 iam
369 2208 529 2288 habehant,
557 2208 635 2268 unde
665 2208 756 2268 bonas
785 2209 904 2268 notitias
932 2207 1100 2286 haurirent,
1130 2208 1177 2268 uel
1200 2210 1296 2270 iuter·

118 2304 254 2383 pretendi
283 2313 341 2364 tam
369 2308 464 2384 ignari
493 2314 590 2386 erant,
619 2315 652 2365 ut
680 2324 734 2364 nos
759 2323 876 2382 quoque
901 2323 1006 2364 eorum
1029 2307 1296 2384 interpretationes

118 2401 203 2462 facile
233 2420 439 2484 agnoscamus,
472 2406 541 2482 quia
568 2411 720 2482 praeterea
749 2402 820 2463 illud
850 2402 977 2481 accedit,
1011 2403 1089 2481 quod
1118 2405 1216 2463 omnia
1246 2405 1296 2466 illa

120 2501 231 2562 scholia
255 2500 291 2561 ad
315 2500 443 2582 Plutum,
466 2510 499 2563 ut
523 2502 650 2582 uidetur,
673 2503 870 2580 posteriorem
893 2503 1074 2580 pertinentia
1099 2519 1132 2561 ea
1157 2509 1235 2583 sunt,
1262 2512 1296 2563 ut

119 2618 154 2661 ex
178 2600 228 2660 illo
248 2603 460 2661 commentario
485 2620 518 2661 ea
541 2619 659 2680 quoque
683 2599 788 2660 hausta
812 2618 908 2678 neque
932 2618 948 2658 a
978 2598 1144 2658 scholiastis
1172 2599 1295 2660 demum

119 2699 185 2760 ficta
215 2719 281 2760 esse
309 2699 439 2778 putanda
468 2701 539 2777 sint,
568 2716 636 2758 crim
664 2698 839 2775 praesertim
869 2699 898 2755 in
927 2695 1007 2756 nullo
1032 2714 1135 2756 eorum
1159 2695 1208 2755 uel
1233 2696 1300 2759 loci'

121 2796 230 2855 similes
259 2796 464 2875 Aristophanis
497 2795 680 2872 aliorumque
715 2801 870 2872 poetarum
900 2792 950 2853 uel
983 2800 1139 2854 auctorum
1171 2798 1293 2856 nomina

120 2890 271 2968 uerbaque
296 2910 354 2951 non
379 2894 553 2953 afferantur:
576 2890 623 2951 his
647 2893 737 2970 igitur
760 2891 796 2951 de
821 2893 919 2951 causis
938 2909 1002 2951 eam
1022 2909 1109 2969 quam
1130 2899 1295 2954 tractamus

121 2989 324 3065 quaestionem
348 2991 387 3049 ita
412 2993 474 3050 sine
499 2989 588 3050 dubio
613 2996 694 3049 recte
719 2988 883 3069 soluemuS,
910 2996 945 3050 ut
968 2990 1025 3070 eis,
1053 2988 1162 3067 quibus
1185 2989 1294 3052 Plutus

118 3087 201 3164 prior
230 3097 492 3167 commemoretur,
522 3087 642 3148 scholiis
670 3089 811 3147 maiorem
840 3089 901 3148 uim
930 3086 1097 3148 tribuamus
1126 3098 1214 3166 atque
1244 3089 1295 3150 illa

119 3184 165 3243 his
196 3169 417 3262 subiungamus.
463 3184 565 3262 ltaque
593 3193 627 3244 ut
655 3203 798 3244 summam
827 3187 872 3245 rei
901 3186 1019 3246 tandem
1044 3184 1199 3263 aliquando
1222 3205 1294 3265 pro·

120 3283 225 3362 feram,
257 3285 436 3360 interpretes
464 3300 567 3342 omnes
596 3301 627 3342 se
656 3281 775 3343 Plutum
805 3286 936 3362 priorem
968 3283 1066 3360 legere
1100 3293 1293 3346 censuerunt.

120 3377 179 3437 Sed
204 3385 318 3439 tantum
342 3379 451 3460 aberat,
474 3388 509 3440 ut
530 3380 607 3440 hauc
628 3398 714 3459 quam
734 3380 1012 3458 praeiudicaueraut
1030 3381 1199 3459 opinionem
1219 3381 1295 3443 locis

120 3475 296 3554 quibusdam
315 3479 446 3539 inuentis
465 3497 533 3538 cum
554 3486 721 3556 temporum
740 3479 855 3536 ratione
874 3496 933 3537 non
950 3476 1175 3537 concinentibus
1191 3482 1295 3541 statim

120 3581 211 3634 totam
235 3575 426 3656 dimitterent,
450 3584 484 3636 ut
506 3576 561 3635 hos
584 3575 665 3635 locos
689 3576 719 3633 in
740 3575 871 3652 priorem
892 3594 928 3635 cx
946 3576 1113 3653 posteriore
1132 3576 1294 3639 translatos

120 3690 186 3732 esse
210 3679 339 3733 statuere
363 3693 422 3733 non
447 3673 626 3753 dubitarent,
649 3671 679 3731 id
704 3671 782 3750 quod
804 3672 839 3732 ad
860 3671 1020 3732 nonnullos
1040 3679 1155 3732 tantum
1174 3692 1294 3756 uersus,

120 3770 229 3850 quibus
257 3778 425 3849 temporum
457 3773 531 3832 ratio
560 3771 800 3831 manifestissime
829 3769 1011 3849 laederetur,
1042 3769 1183 3830 adnotare
1216 3789 1295 3850 opus

120 3888 186 3929 esse
212 3871 254 3928 eis
274 3868 439 3929 uidebatur.
476 3868 591 3928 Ceteris
610 3868 691 3947 locis,
716 3866 767 3926 uhi
791 3867 885 3926 simile
912 3867 983 3945 quid
1007 3867 1142 3926 adnotari
1165 3875 1294 3951 poterat,

119 3986 151 4027 se
175 3966 232 4026 hoc
255 3968 313 4025 iam
337 3967 516 4046 compluries
540 3983 688 4044 exponere
712 3966 909 4024 meminerant
931 3965 1058 4042 ideoque
1081 3963 1160 4023 idem
1181 3967 1293 4028 iterum

118 4065 288 4125 adscribere
312 4082 569 4143 superuacaneum
592 4080 657 4122 esse
681 4061 896 4122 existimabant.
942 4061 1004 4122 Hoc
1033 4062 1119 4121 modo
1144 4062 1293 4146 facillime,

118 4172 153 4224 ut
186 4163 257 4223 mihi
287 4162 407 4242 quidem
435 4162 569 4242 uidetur,
602 4169 632 4221 et
658 4159 895 4239 probabilissime
923 4159 977 4219 hae
1006 4158 1080 4218 duae
1109 4157 1293 4223 scholiorum

112 4263 212 4340 series
237 4263 320 4320 inter
347 4279 380 4320 se
408 4259 659 4339 conciliabuntur3
691 4276 759 4318 nam
787 4274 840 4336 per
869 4275 900 4316 se
930 4259 1017 4317 etiam
1045 4255 1099 4315 alia
1134 4257 1292 4336 explicatio

86 4355 266 4425 excogitan·
290 4365 410 4438 potest,
453 4366 486 4418 ut
521 4377 586 4442 eos,
627 4359 679 4440 qui
718 4363 861 4420 ueterum
890 4356 1093 4433 interpretum
1117 4352 1215 4413 fibros
1245 4375 1295 4416 en-
