2798 4740
573 305 791 370 ..98-

99 464 365 527 Alexandrinorum
398 474 493 527 aetate
526 469 583 525 iam
616 466 769 545 deperdita
796 468 987 528 refellendam
1015 469 1086 529 utile
1114 477 1160 528 est
1192 469 1270 547 frag-

98 572 230 624 mentum
254 563 329 647 445,
354 584 412 644 quo
432 567 601 624 continetur
621 566 808 625 accusatiuus
832 569 914 625 uocis
938 568 1003 626 eius
1022 584 1096 645 quae
1121 574 1167 626 est
1189 557 1269 626 ἄνα-

97 660 208 741 πηρία.
250 661 322 722 Eius
350 662 458 741 duplex
481 669 527 720 est
555 664 710 743 memoria,
739 680 806 722 cum
830 672 861 722 et
883 663 961 742 apud
984 664 1213 723 Antiatticistam
1240 671 1272 723 et

101 759 178 836 apud
203 759 323 819 Suidam
346 759 551 839 Aristophanis
574 757 660 818 Pluto
679 759 827 837 adscripta
851 762 897 818 sit.

187 857 219 916 ln
240 876 274 934 ea
293 858 412 935 quidem
431 876 506 936 quae
526 865 680 937 superstes
698 866 744 917 est
762 855 841 916 Pluti
865 855 961 916 fabula
981 855 1094 916 nullum
1114 864 1160 915 est
1178 855 1271 917 huius

97 955 181 1013 uocis
210 956 384 1035 uestigium3
417 953 607 1013 nihilominus
635 954 799 1014 cauendum
829 963 887 1036 est,
919 971 956 1013 ne
990 961 1102 1014 temere
1135 971 1200 1012 eam
1234 954 1271 1012 ad

96 1050 216 1112 Plutum
244 1054 376 1130 priorem
405 1053 531 1131 referas3
559 1051 694 1112 facillime
723 1052 802 1110 enim
830 1054 959 1129 scriptor
992 1051 1028 1111 de
1058 1054 1122 1112 eius
1152 1055 1271 1131 origiue

97 1167 198 1208 errare
226 1151 336 1231 potuit,
364 1149 400 1209 ad
429 1148 518 1208 talem
546 1148 661 1210 scilicet
687 1148 814 1209 fabulam
843 1168 906 1209 eam
930 1150 1128 1230 transferenS,
1156 1152 1271 1227 inqua

95 1237 273 1328 ἀνάπηρόν
299 1265 377 1307 τινα
402 1248 433 1305 in
462 1264 580 1306 scenam
608 1247 728 1325 prodire
756 1249 786 1306 in
819 1249 933 1307 recenti
965 1250 1106 1307 memoria
1133 1247 1270 1307 haberet.

99 1341 166 1402 Tibi
185 1345 244 1421 ipsi
267 1361 365 1403 nonne
388 1346 446 1403 iam
469 1342 546 1402 idem
572 1342 713 1402 accidisse
737 1341 878 1404 sensisti?

186 1439 262 1500 Huic
292 1443 455 1519 suspicioni
485 1443 573 1500 etiam
602 1442 806 1502 testimonium
830 1444 979 1502 succurrit
1001 1441 1140 1523 Pollucis,
1163 1443 1217 1519 qui
1240 1440 1272 1523 2,

102 1535 143 1598 61
165 1538 221 1597 hoc
245 1538 443 1616 fragmentum
462 1537 575 1598 Cratini
597 1537 692 1598 Plutis
716 1538 830 1599 fabulae
854 1539 1020 1620 adscripsit,
1039 1540 1073 1598 ad
1095 1538 1173 1617 quod
1193 1540 1271 1617 frag-

99 1644 232 1696 mentum
267 1629 317 1718 (fr.
350 1629 429 1718 168)
457 1639 520 1714 ipse
549 1633 693 1715 llockius,
724 1655 791 1696 cum
808 1636 869 1696 lais
902 1640 940 1697 sit
972 1646 1036 1698 aeta
1064 1636 1272 1714 Aristophanis

96 1733 210 1815 Plutus,
229 1743 291 1794 tres
310 1736 431 1794 omnino
450 1733 562 1793 fabulas
582 1752 647 1793 esse
667 1733 827 1815 adnotauit,
851 1734 886 1793 ad
907 1752 980 1811 quas
998 1732 1177 1794 uocabulum
1195 1733 1269 1794 illud

96 1831 247 1908 pertinere
275 1834 378 1910 possit.
424 1831 502 1891 Haec
530 1839 720 1891 autemeam
744 1834 784 1890 ita
808 1833 882 1912 siut,
906 1850 964 1891 uon
988 1831 1136 1913 intellego,
1160 1849 1216 1891 cur
1239 1832 1270 1890 id

97 1928 131 1986 ad
157 1947 222 1988 eam
245 1931 344 2008 potius
369 1928 496 1989 fabulam
520 1929 710 1989 referendum
735 1947 801 1988 esse
825 1946 955 2010 censeas,
979 1947 1038 2007 quo
1058 1931 1084 1988 si
1108 1927 1271 2009 rettuleris,

97 2028 225 2085 maiores
254 2026 308 2086 tibi
332 2026 521 2087 difficultates
544 2025 704 2086 obstabunt
728 2043 816 2104 quam
840 2027 865 2084 si
888 2026 923 2085 ad
948 2025 1069 2085 alteram
1092 2025 1272 2085 rettulisses.

186 2124 287 2201 ltaque
307 2143 362 2203 ego
382 2125 501 2203 quidem
521 2122 590 2183 huic
610 2124 774 2202 fragmento
798 2121 871 2182 nihil
890 2142 957 2183 cum
976 2122 1063 2184 Pluto
1080 2124 1181 2202 priore
1202 2141 1269 2182 esse

96 2241 155 2281 non
175 2221 278 2282 dubito
298 2222 486 2302 contendere,
511 2221 562 2281 sed
583 2229 633 2281 aut
651 2239 719 2281 cum
738 2219 888 2280 Bruncltio
907 2220 1135 2299 Hermannoque
1155 2223 1270 2280 uariam

97 2337 132 2378 eo
157 2321 304 2379 contineri
327 2318 483 2379 lectionem
507 2319 543 2378 ad
567 2318 645 2379 Pluti
668 2320 839 2397 superstitis
859 2336 981 2377 uersum
1004 2314 1066 2379 115
1087 2318 1268 2396 adscriptam

96 2425 201 2496 putare
221 2416 374 2476 maluerim
394 2424 444 2476 aut
463 2434 531 2475 cum
552 2416 725 2494 Bambergio
750 2410 820 2497 (Lit.
840 2413 1005 2476 Centr.·Bl.
1028 2412 1112 2476 1881
1137 2433 1165 2492 p.
1183 2408 1269 2494 962)

97 2515 132 2574 ad
155 2513 266 2574 Cratini
290 2513 392 2573 Plutos
416 2513 543 2594 referre;
567 2521 666 2573 utrum
690 2515 802 2574 rectius
826 2514 877 2595 sit,
903 2531 983 2573 nuuc
1007 2532 1065 2573 non
1089 2520 1135 2572 est
1158 2511 1267 2571 diiudi-

98 2612 238 2692 candum3
257 2614 286 2671 in
302 2620 477 2671 transcursu
492 2620 606 2672 tantum
622 2629 853 2671 commemorare
869 2610 956 2670 liceat
970 2610 1041 2670 illud
1061 2611 1127 2669 ueri
1142 2607 1270 2667 similius

98 2711 194 2771 uideri
222 2718 394 2789 propterea,
422 2709 500 2787 quod
525 2712 633 2770 mirum
658 2728 727 2770 sane
751 2717 844 2790 esset,
875 2711 900 2768 si
924 2708 982 2768 duo
1005 2715 1109 2787 poetae
1134 2706 1208 2765 duas
1233 2706 1270 2764 de

96 2806 182 2867 Pluto
210 2805 322 2866 fabulas
345 2808 385 2866 ita
409 2809 608 2888 scripsissent,
629 2814 663 2866 ut
682 2810 759 2867 circa
779 2809 844 2866 eius
864 2809 1034 2867 caecitatem
1053 2812 1131 2864 totae
1152 2803 1270 2864 fabulae

98 2906 181 2983 quasi
205 2896 403 2964 uerterentur.

187 3001 215 3078 ξ.
238 2997 287 3062 15.
328 3000 500 3063 Proximum
524 3004 720 3081 fragmentum
744 2999 809 3062 446
834 3000 927 3061 uerbo
951 3001 1029 3080 quod
1053 3009 1098 3060 est
1121 2997 1271 3078 νραῖζειν

103 3102 281 3181 continetur,
305 3099 340 3158 ad
360 3101 438 3179 quod
458 3099 585 3160 Beltlteri
604 3100 800 3160 Antiatticista
819 3099 891 3158 haec
909 3097 1000 3159 uerba
1019 3100 1168 3176 apposuit:
1188 3089 1270 3157 ὅταν

96 3191 133 3260 τὸ
160 3190 393 3276 συναγόμενον
413 3193 449 3258 ἐν
467 3204 539 3270 ταῖς
561 3189 696 3277 χύτραις
714 3190 768 3255 καὶ
789 3191 969 3276 ἐπαφρίζον
988 3188 1152 3273 ἐκχέωσιν.
1187 3185 1274 3274 Ἀρι-

101 3288 269 3375 στοφάνης
299 3287 450 3379 Πλούτῳ.
496 3293 567 3355 lude
592 3296 798 3376 consequitur,
828 3293 1056 3353 Antiattioistam
1080 3289 1166 3350 uerbi
1189 3290 1272 3369 quod

99 3401 145 3453 est
164 3391 309 3474 γραΐζειν
325 3394 469 3470 originem
484 3391 614 3452 indicare
630 3391 769 3470 uoluisse,
789 3389 825 3450 ad
840 3389 918 3468 quod
933 3389 1121 3448 efficiendum
1140 3389 1274 3466 primum

99 3492 169 3570 quid
199 3491 382 3568 significetur
414 3489 470 3549 hoc
498 3489 590 3551 uerbo
620 3492 659 3549 ita
687 3490 820 3570 exponit,
849 3496 882 3547 ut
910 3487 1034 3546 similem
1063 3489 1090 3545 ei
1119 3487 1275 3546 notionem

98 3591 195 3648 inesse
227 3588 380 3648 uideamus
415 3596 502 3665 atque
530 3587 619 3647 latino
648 3585 755 3668 uerbo,
788 3585 866 3664 quod
898 3593 943 3644 est
970 3580 1088 3665 libare,
1118 3579 1275 3644 delibare'.

99 3671 193 3746 Vnum
220 3693 317 3745 tamen
342 3687 497 3766 miramur,
525 3685 603 3763 quod
628 3703 686 3743 nou
712 3684 859 3763 narrauit,
882 3683 1029 3760 quomodo
1053 3681 1109 3740 hoc
1133 3679 1276 3763 uerbum,

99 3784 177 3862 quod
198 3803 212 3843 a
234 3802 306 3844 uoce
325 3787 558 3863 ypad9=anus
578 3782 745 3841 deriuatum
765 3798 830 3839 esse
846 3797 932 3838 nemo
948 3798 1006 3838 non
1021 3779 1112 3860 uidet,
1131 3780 1162 3837 in
1181 3777 1275 3838 talem

101 3900 222 3941 sensum
252 3881 334 3942 ablre
357 3884 496 3960 potuerit.
542 3880 638 3958 Atque
661 3879 709 3938 hic
733 3879 825 3937 totius
844 3878 888 3935 rei
912 3877 1060 3936 cardinem
1085 3876 1164 3935 uerti
1187 3884 1275 3936 reete

99 3982 275 4057 cognouisse
304 3979 376 4039 mihi
405 3979 524 4040 uidetur
547 3975 740 4052 Bambergius
770 3993 805 4034 eo
830 3991 917 4051 quem
942 3992 1030 4053 supra
1054 3972 1172 4033 laudaui
1196 3970 1275 4056 loco,

98 4080 149 4156 qui
173 4087 240 4137 ante
259 4075 365 4137 uerba:
386 4066 625 4157 Ἀριστοφάνης
645 4064 786 4154 Πλούτῳ
811 4068 1035 4153 explicationem
1054 4070 1181 4148 aliquam
1203 4070 1274 4130 suh·

100 4177 222 4234 stantiui
247 4173 323 4253 quod
349 4182 395 4233 est
417 4171 521 4254 γραῦς
544 4192 560 4232 e
585 4179 725 4232 contextu
750 4168 895 4228 excidisse
915 4162 1058 4249 scribit.¹)
1100 4167 1185 4238 Quod
1211 4188 1273 4248 quo

175 4302 201 4369 1)
222 4301 262 4354 ‘es
281 4298 391 4354 seheint
409 4315 460 4354 vor
475 4295 610 4368 Ἀριστοφ.
629 4273 747 4368 Πλούτῳ
767 4295 827 4349 eine
848 4291 1023 4360 Bemerlxung
1045 4293 1113 4346 iiber
1132 4294 1181 4348 das
1202 4294 1274 4348 Sub—

98 4378 205 4435 stantiv
223 4381 311 4450 γραῦς
329 4377 506 4449 ausgefallen
524 4397 557 4431 zu
575 4376 654 4432 sein!
