<?xml version="1.0" encoding="UTF-8"?>
<!DOCTYPE html PUBLIC "-//W3C//DTD XHTML 1.0 Transitional//EN"
    "http://www.w3.org/TR/xhtml1/DTD/xhtml1-transitional.dtd">
<html xmlns="http://www.w3.org/1999/xhtml" xml:lang="en" lang="en">
 <head>
  <title>
</title>
<meta http-equiv="Content-Type" content="text/html;charset=utf-8" />
  <meta name='ocr-system' content='tesseract 3.04.00' />
  <meta name='ocr-capabilities' content='ocr_page ocr_carea ocr_par ocr_line ocrx_word'/>
</head>
<body>
  <div class='ocr_page' id='page_1' title='image "./plutiaristophan02ludwgoog_0011.png"; bbox 0 0 2798 4740; ppageno 0'>
   <div class='ocr_carea' id='block_1_1' title="bbox 596 307 814 370">
    <p class='ocr_par' dir='ltr' id='par_1_1' title="bbox 596 307 814 370">
     <span class='ocr_line' id='line_1_1' title="bbox 596 307 814 370; baseline -0.005 -16"><span class='ocrx_word' id='word_1_1' title='bbox 596 307 814 370; x_wconf 75' lang='grc'>...66-</span> 
     </span>
    </p>
   </div>
   <div class='ocr_carea' id='block_1_2' title="bbox 123 462 1302 1718">
    <p class='ocr_par' dir='ltr' id='par_1_2' title="bbox 123 462 1302 1018">
     <span class='ocr_line' id='line_1_2' title="bbox 126 462 1301 551; baseline -0.003 -22"><span class='ocrx_word' id='word_1_2' title='bbox 126 478 209 551; x_wconf 91' lang='lat' dir='ltr'><strong>sunt,</strong></span> <span class='ocrx_word' id='word_1_3' title='bbox 237 477 270 530; x_wconf 91' lang='lat' dir='ltr'><strong>ut</strong></span> <span class='ocrx_word' id='word_1_4' title='bbox 293 473 426 549; x_wconf 90' lang='lat' dir='ltr'><strong>ipsorum</strong></span> <span class='ocrx_word' id='word_1_5' title='bbox 450 469 674 530; x_wconf 90' lang='lat' dir='ltr'><strong>scholiastarum</strong></span> <span class='ocrx_word' id='word_1_6' title='bbox 697 462 1021 548; x_wconf 79' lang='grc' dir='ltr'><strong><em>αύτοσχεὸιάσματα,</em></strong></span> <span class='ocrx_word' id='word_1_7' title='bbox 1051 478 1154 530; x_wconf 91' lang='lat' dir='ltr'><strong>contra</strong></span> <span class='ocrx_word' id='word_1_8' title='bbox 1183 487 1198 527; x_wconf 98' lang='lat' dir='ltr'><strong>a</strong></span> <span class='ocrx_word' id='word_1_9' title='bbox 1222 469 1301 526; x_wconf 90' lang='lat' dir='ltr'><strong>uiris</strong></span> 
     </span>
     <span class='ocr_line' id='line_1_3' title="bbox 126 565 1300 648; baseline -0.002 -21"><span class='ocrx_word' id='word_1_10' title='bbox 126 570 197 628; x_wconf 91' lang='lat' dir='ltr'><strong>satis</strong></span> <span class='ocrx_word' id='word_1_11' title='bbox 216 567 342 628; x_wconf 89' lang='lat' dir='ltr'><strong>literatis</strong></span> <span class='ocrx_word' id='word_1_12' title='bbox 365 569 498 647; x_wconf 91' lang='lat' dir='ltr'><strong>prolecta</strong></span> <span class='ocrx_word' id='word_1_13' title='bbox 522 586 588 627; x_wconf 94' lang='lat' dir='ltr'><strong>esse</strong></span> <span class='ocrx_word' id='word_1_14' title='bbox 608 566 775 648; x_wconf 89' lang='lat' dir='ltr'><strong>uideantur,</strong></span> <span class='ocrx_word' id='word_1_15' title='bbox 799 570 851 645; x_wconf 91' lang='lat' dir='ltr'><strong>qui</strong></span> <span class='ocrx_word' id='word_1_16' title='bbox 875 570 901 626; x_wconf 90' lang='lat' dir='ltr'><strong>si</strong></span> <span class='ocrx_word' id='word_1_17' title='bbox 924 566 1050 645; x_wconf 91' lang='lat' dir='ltr'><strong>illorum,</strong></span> <span class='ocrx_word' id='word_1_18' title='bbox 1075 585 1149 645; x_wconf 92' lang='lat' dir='ltr'><strong>quos</strong></span> <span class='ocrx_word' id='word_1_19' title='bbox 1173 565 1233 626; x_wconf 92' lang='lat' dir='ltr'><strong>hnc</strong></span> <span class='ocrx_word' id='word_1_20' title='bbox 1253 585 1300 626; x_wconf 91' lang='lat' dir='ltr'><strong>re-</strong></span> 
     </span>
     <span class='ocr_line' id='line_1_4' title="bbox 126 663 1299 745; baseline -0.001 -21"><span class='ocrx_word' id='word_1_21' title='bbox 126 666 252 743; x_wconf 82' lang='lat' dir='ltr'><strong>ferrent,</strong></span> <span class='ocrx_word' id='word_1_22' title='bbox 280 665 413 726; x_wconf 90' lang='lat' dir='ltr'><strong>locorum</strong></span> <span class='ocrx_word' id='word_1_23' title='bbox 443 684 589 725; x_wconf 85' lang='lat' dir='ltr'><strong>memores</strong></span> <span class='ocrx_word' id='word_1_24' title='bbox 619 673 716 745; x_wconf 92' lang='lat' dir='ltr'><strong>erant,</strong></span> <span class='ocrx_word' id='word_1_25' title='bbox 747 683 806 723; x_wconf 95' lang='lat' dir='ltr'><strong>non</strong></span> <span class='ocrx_word' id='word_1_26' title='bbox 831 664 932 743; x_wconf 91' lang='lat' dir='ltr'><strong>uideo,</strong></span> <span class='ocrx_word' id='word_1_27' title='bbox 956 682 1010 724; x_wconf 91' lang='lat' dir='ltr'><strong>cur</strong></span> <span class='ocrx_word' id='word_1_28' title='bbox 1034 667 1077 724; x_wconf 90' lang='lat' dir='ltr'><strong>eis</strong></span> <span class='ocrx_word' id='word_1_29' title='bbox 1101 663 1178 724; x_wconf 89' lang='lat' dir='ltr'><strong>Pluti</strong></span> <span class='ocrx_word' id='word_1_30' title='bbox 1202 663 1299 743; x_wconf 90' lang='lat' dir='ltr'><strong>dupli·</strong></span> 
     </span>
     <span class='ocr_line' id='line_1_5' title="bbox 124 761 1302 840; baseline 0 -19"><span class='ocrx_word' id='word_1_31' title='bbox 124 780 190 821; x_wconf 92' lang='lat' dir='ltr'><strong>cem</strong></span> <span class='ocrx_word' id='word_1_32' title='bbox 204 765 410 822; x_wconf 80' lang='lat' dir='ltr'><strong>recensionem</strong></span> <span class='ocrx_word' id='word_1_33' title='bbox 429 779 555 839; x_wconf 90' lang='lat' dir='ltr'><strong>prorsus</strong></span> <span class='ocrx_word' id='word_1_34' title='bbox 575 764 705 840; x_wconf 84' lang='lat' dir='ltr'><strong>ignotam</strong></span> <span class='ocrx_word' id='word_1_35' title='bbox 725 763 817 821; x_wconf 91' lang='lat' dir='ltr'><strong>luisse</strong></span> <span class='ocrx_word' id='word_1_36' title='bbox 837 762 979 822; x_wconf 91' lang='lat' dir='ltr'><strong>iudicem:</strong></span> <span class='ocrx_word' id='word_1_37' title='bbox 998 761 1070 821; x_wconf 94' lang='lat' dir='ltr'><strong>illud</strong></span> <span class='ocrx_word' id='word_1_38' title='bbox 1086 763 1205 840; x_wconf 91' lang='lat' dir='ltr'><strong>inquam</strong></span> <span class='ocrx_word' id='word_1_39' title='bbox 1226 763 1302 821; x_wconf 86' lang='lat' dir='ltr'><strong>inihi</strong></span> 
     </span>
     <span class='ocr_line' id='line_1_6' title="bbox 123 858 1301 938; baseline -0.001 -19"><span class='ocrx_word' id='word_1_40' title='bbox 123 858 306 937; x_wconf 85' lang='lat' dir='ltr'>probabilius</span> <span class='ocrx_word' id='word_1_41' title='bbox 335 859 503 938; x_wconf 93' lang='lat' dir='ltr'><strong>uideretur,</strong></span> <span class='ocrx_word' id='word_1_42' title='bbox 534 861 592 918; x_wconf 92' lang='lat' dir='ltr'><strong>nisi</strong></span> <span class='ocrx_word' id='word_1_43' title='bbox 618 876 742 938; x_wconf 89' lang='lat' dir='ltr'><strong>prorsus</strong></span> <span class='ocrx_word' id='word_1_44' title='bbox 771 858 856 918; x_wconf 93' lang='lat' dir='ltr'><strong>aliam</strong></span> <span class='ocrx_word' id='word_1_45' title='bbox 886 859 1002 937; x_wconf 84' lang='lat' dir='ltr'><strong>ingredi</strong></span> <span class='ocrx_word' id='word_1_46' title='bbox 1034 861 1113 918; x_wconf 92' lang='lat' dir='ltr'><strong>uiam</strong></span> <span class='ocrx_word' id='word_1_47' title='bbox 1146 869 1301 936; x_wconf 88' lang='lat' dir='ltr'><strong>praestare</strong></span> 
     </span>
     <span class='ocr_line' id='line_1_7' title="bbox 124 960 330 1018; baseline 0 -2"><span class='ocrx_word' id='word_1_48' title='bbox 124 960 330 1018; x_wconf 83' lang='lat' dir='ltr'><strong>existimarem.</strong></span> 
     </span>
    </p>

    <p class='ocr_par' dir='ltr' id='par_1_3' title="bbox 123 1052 1300 1524">
     <span class='ocr_line' id='line_1_8' title="bbox 212 1052 1299 1132; baseline -0.002 -18"><span class='ocrx_word' id='word_1_49' title='bbox 212 1054 240 1130; x_wconf 63' lang='grc' dir='ltr'><strong>ξ.</strong></span> <span class='ocrx_word' id='word_1_50' title='bbox 270 1052 298 1115; x_wconf 87' lang='lat'><strong>3.</strong></span> <span class='ocrx_word' id='word_1_51' title='bbox 344 1054 469 1114; x_wconf 79' lang='lat' dir='ltr'><strong>Exstant</strong></span> <span class='ocrx_word' id='word_1_52' title='bbox 499 1057 576 1114; x_wconf 92' lang='lat' dir='ltr'><strong>enim</strong></span> <span class='ocrx_word' id='word_1_53' title='bbox 609 1057 688 1114; x_wconf 91' lang='lat' dir='ltr'><strong>inter</strong></span> <span class='ocrx_word' id='word_1_54' title='bbox 721 1054 892 1113; x_wconf 76' lang='lat' dir='ltr'><strong>scholiastes</strong></span> <span class='ocrx_word' id='word_1_55' title='bbox 926 1056 953 1113; x_wconf 93' lang='lat' dir='ltr'><strong>ei</strong></span> <span class='ocrx_word' id='word_1_56' title='bbox 991 1070 1122 1132; x_wconf 89' lang='lat' dir='ltr'><strong>quoque,</strong></span> <span class='ocrx_word' id='word_1_57' title='bbox 1156 1056 1207 1131; x_wconf 93' lang='lat' dir='ltr'><strong>qui</strong></span> <span class='ocrx_word' id='word_1_58' title='bbox 1239 1072 1299 1112; x_wconf 93' lang='lat' dir='ltr'><strong>non</strong></span> 
     </span>
     <span class='ocr_line' id='line_1_9' title="bbox 123 1149 1300 1232; baseline -0.001 -22"><span class='ocrx_word' id='word_1_59' title='bbox 123 1155 329 1232; x_wconf 82' lang='lat' dir='ltr'><strong>posteriorem,</strong></span> <span class='ocrx_word' id='word_1_60' title='bbox 354 1152 405 1212; x_wconf 92' lang='lat' dir='ltr'><strong>sed</strong></span> <span class='ocrx_word' id='word_1_61' title='bbox 428 1154 560 1230; x_wconf 89' lang='lat' dir='ltr'><strong>priorem</strong></span> <span class='ocrx_word' id='word_1_62' title='bbox 580 1149 658 1210; x_wconf 93' lang='lat' dir='ltr'><strong>Pluti</strong></span> <span class='ocrx_word' id='word_1_63' title='bbox 682 1151 809 1211; x_wconf 86' lang='lat' dir='ltr'><strong>fabulam</strong></span> <span class='ocrx_word' id='word_1_64' title='bbox 833 1150 932 1229; x_wconf 85' lang='lat' dir='ltr'><strong>legere</strong></span> <span class='ocrx_word' id='word_1_65' title='bbox 956 1151 1013 1211; x_wconf 93' lang='lat' dir='ltr'><strong>sihi</strong></span> <span class='ocrx_word' id='word_1_66' title='bbox 1036 1154 1094 1212; x_wconf 92' lang='lat' dir='ltr'><strong>uisi</strong></span> <span class='ocrx_word' id='word_1_67' title='bbox 1118 1153 1186 1230; x_wconf 90' lang='lat' dir='ltr'><strong>sint,</strong></span> <span class='ocrx_word' id='word_1_68' title='bbox 1210 1153 1300 1228; x_wconf 89' lang='lat' dir='ltr'><strong>eique</strong></span> 
     </span>
     <span class='ocr_line' id='line_1_10' title="bbox 123 1247 1300 1328; baseline -0.001 -21"><span class='ocrx_word' id='word_1_69' title='bbox 123 1252 243 1309; x_wconf 91' lang='lat' dir='ltr'><strong>minime</strong></span> <span class='ocrx_word' id='word_1_70' title='bbox 272 1250 360 1328; x_wconf 90' lang='lat' dir='ltr'><strong>uiles,</strong></span> <span class='ocrx_word' id='word_1_71' title='bbox 392 1251 444 1309; x_wconf 91' lang='lat' dir='ltr'><strong>sed</strong></span> <span class='ocrx_word' id='word_1_72' title='bbox 475 1252 526 1327; x_wconf 93' lang='lat' dir='ltr'><strong>qui</strong></span> <span class='ocrx_word' id='word_1_73' title='bbox 554 1268 591 1308; x_wconf 85' lang='lat' dir='ltr'><strong>ex</strong></span> <span class='ocrx_word' id='word_1_74' title='bbox 620 1248 792 1309; x_wconf 92' lang='lat' dir='ltr'><strong>auctoribus</strong></span> <span class='ocrx_word' id='word_1_75' title='bbox 822 1250 893 1308; x_wconf 92' lang='lat' dir='ltr'><strong>satis</strong></span> <span class='ocrx_word' id='word_1_76' title='bbox 921 1251 1050 1327; x_wconf 80' lang='lat' dir='ltr'><strong>antiquis</strong></span> <span class='ocrx_word' id='word_1_77' title='bbox 1079 1267 1132 1308; x_wconf 92' lang='lat' dir='ltr'><strong>sua</strong></span> <span class='ocrx_word' id='word_1_78' title='bbox 1161 1247 1300 1306; x_wconf 90' lang='lat' dir='ltr'><strong>hausisse</strong></span> 
     </span>
     <span class='ocr_line' id='line_1_11' title="bbox 123 1346 1300 1426; baseline -0.002 -20"><span class='ocrx_word' id='word_1_79' title='bbox 123 1347 245 1424; x_wconf 91' lang='lat' dir='ltr'><strong>putandi</strong></span> <span class='ocrx_word' id='word_1_80' title='bbox 265 1350 332 1408; x_wconf 89' lang='lat' dir='ltr'><strong>sint.</strong></span> <span class='ocrx_word' id='word_1_81' title='bbox 379 1347 436 1417; x_wconf 83' lang='lat' dir='ltr'><strong>Qui</strong></span> <span class='ocrx_word' id='word_1_82' title='bbox 460 1346 530 1424; x_wconf 95' lang='lat' dir='ltr'><strong>quid</strong></span> <span class='ocrx_word' id='word_1_83' title='bbox 550 1346 760 1426; x_wconf 90' lang='lat' dir='ltr'><strong>iudicauerint,</strong></span> <span class='ocrx_word' id='word_1_84' title='bbox 784 1347 924 1423; x_wconf 91' lang='lat' dir='ltr'><strong>quoniam</strong></span> <span class='ocrx_word' id='word_1_85' title='bbox 943 1348 1062 1406; x_wconf 85' lang='lat' dir='ltr'><strong>maximi</strong></span> <span class='ocrx_word' id='word_1_86' title='bbox 1080 1348 1224 1405; x_wconf 89' lang='lat' dir='ltr'><strong>momenti</strong></span> <span class='ocrx_word' id='word_1_87' title='bbox 1243 1355 1300 1425; x_wconf 90' lang='lat' dir='ltr'><strong>est,</strong></span> 
     </span>
     <span class='ocr_line' id='line_1_12' title="bbox 124 1437 729 1524; baseline -0.002 -20"><span class='ocrx_word' id='word_1_88' title='bbox 124 1445 307 1524; x_wconf 79' lang='lat' dir='ltr'><strong>singulorum</strong></span> <span class='ocrx_word' id='word_1_89' title='bbox 331 1437 519 1524; x_wconf 78' lang='lat' dir='ltr'><strong>pertractabo</strong></span> <span class='ocrx_word' id='word_1_90' title='bbox 543 1446 605 1523; x_wconf 92' lang='lat' dir='ltr'><strong>ipsa</strong></span> <span class='ocrx_word' id='word_1_91' title='bbox 629 1443 729 1504; x_wconf 87' lang='lat' dir='ltr'><strong>uerha.</strong></span> 
     </span>
    </p>

    <p class='ocr_par' dir='ltr' id='par_1_4' title="bbox 123 1539 1298 1718">
     <span class='ocr_line' id='line_1_13' title="bbox 211 1539 1298 1621; baseline -0.001 -19"><span class='ocrx_word' id='word_1_92' title='bbox 211 1543 232 1602; x_wconf 93' lang='lat' dir='ltr'><strong>l.</strong></span> <span class='ocrx_word' id='word_1_93' title='bbox 269 1542 365 1621; x_wconf 79' lang='lat' dir='ltr'><strong>Atque</strong></span> <span class='ocrx_word' id='word_1_94' title='bbox 394 1545 523 1621; x_wconf 91' lang='lat' dir='ltr'><strong>primum</strong></span> <span class='ocrx_word' id='word_1_95' title='bbox 542 1543 661 1601; x_wconf 86' lang='lat' dir='ltr'><strong>afferam</strong></span> <span class='ocrx_word' id='word_1_96' title='bbox 686 1543 887 1601; x_wconf 91' lang='lat' dir='ltr'><strong>testimonium</strong></span> <span class='ocrx_word' id='word_1_97' title='bbox 917 1540 1091 1601; x_wconf 88' lang='lat' dir='ltr'><strong>scholiastae</strong></span> <span class='ocrx_word' id='word_1_98' title='bbox 1116 1541 1150 1600; x_wconf 93' lang='lat' dir='ltr'><strong>ad</strong></span> <span class='ocrx_word' id='word_1_99' title='bbox 1173 1560 1200 1601; x_wconf 92' lang='lat' dir='ltr'><strong>u.</strong></span> <span class='ocrx_word' id='word_1_100' title='bbox 1222 1539 1298 1601; x_wconf 77' lang='lat'>972.</span> 
     </span>
     <span class='ocr_line' id='line_1_14' title="bbox 123 1637 931 1718; baseline 0.002 -20"><span class='ocrx_word' id='word_1_101' title='bbox 123 1638 151 1698; x_wconf 93' lang='lat' dir='ltr'><strong>ls</strong></span> <span class='ocrx_word' id='word_1_102' title='bbox 176 1642 254 1699; x_wconf 87' lang='lat' dir='ltr'><strong>enirn</strong></span> <span class='ocrx_word' id='word_1_103' title='bbox 279 1640 314 1699; x_wconf 94' lang='lat' dir='ltr'><strong>ad</strong></span> <span class='ocrx_word' id='word_1_104' title='bbox 339 1658 461 1700; x_wconf 91' lang='lat' dir='ltr'><strong>uersum</strong></span> <span class='ocrx_word' id='word_1_105' title='bbox 484 1637 774 1717; x_wconf 60' lang='lat' dir='ltr'><strong>ementiendum</strong></span> <span class='ocrx_word' id='word_1_106' title='bbox 799 1641 850 1718; x_wconf 90' lang='lat' dir='ltr'><strong>qui</strong></span> <span class='ocrx_word' id='word_1_107' title='bbox 874 1649 931 1700; x_wconf 92' lang='lat' dir='ltr'><strong>est:</strong></span> 
     </span>
    </p>
   </div>
   <div class='ocr_carea' id='block_1_3' title="bbox 334 1756 1082 1865">
    <p class='ocr_par' dir='ltr' id='par_1_5' title="bbox 334 1756 1082 1865">
     <span class='ocr_line' id='line_1_15' title="bbox 334 1756 1082 1865; baseline 0.003 -25"><span class='ocrx_word' id='word_1_108' title='bbox 334 1756 402 1840; x_wconf 82' lang='grc' dir='ltr'><strong><em>ἀλλ’</em></strong></span> <span class='ocrx_word' id='word_1_109' title='bbox 422 1770 463 1841; x_wconf 90' lang='grc' dir='ltr'><strong>ού</strong></span> <span class='ocrx_word' id='word_1_110' title='bbox 487 1769 621 1860; x_wconf 85' lang='grc' dir='ltr'><strong><em>λαχούσ’</em></strong></span> <span class='ocrx_word' id='word_1_111' title='bbox 643 1778 752 1853; x_wconf 79' lang='grc' dir='ltr'><strong><em>ἔπινες</em></strong></span> <span class='ocrx_word' id='word_1_112' title='bbox 776 1777 812 1841; x_wconf 81' lang='grc' dir='ltr'><strong>ἐν</strong></span> <span class='ocrx_word' id='word_1_113' title='bbox 830 1777 875 1865; x_wconf 77' lang='grc' dir='ltr'><strong>τῷ</strong></span> <span class='ocrx_word' id='word_1_114' title='bbox 899 1773 1082 1862; x_wconf 57' lang='grc' dir='ltr'><strong><em>γράμματα</em></strong></span> 
     </span>
    </p>
   </div>
   <div class='ocr_carea' id='block_1_4' title="bbox 121 1913 1298 2883">
    <p class='ocr_par' dir='ltr' id='par_1_6' title="bbox 122 1913 1298 2668">
     <span class='ocr_line' id='line_1_16' title="bbox 122 1913 1298 2002; baseline 0.003 -19"><span class='ocrx_word' id='word_1_115' title='bbox 122 1923 195 1983; x_wconf 93' lang='lat' dir='ltr'><strong>haec</strong></span> <span class='ocrx_word' id='word_1_116' title='bbox 219 1923 352 1994; x_wconf 89' lang='lat' dir='ltr'><strong>adnotat:</strong></span> <span class='ocrx_word' id='word_1_117' title='bbox 379 1914 452 2002; x_wconf 88' lang='grc' dir='ltr'><strong><em>παρ’</em></strong></span> <span class='ocrx_word' id='word_1_118' title='bbox 478 1914 645 1984; x_wconf 79' lang='grc' dir='ltr'><strong><em>ὑπόνοιαν</em></strong></span> <span class='ocrx_word' id='word_1_119' title='bbox 674 1913 749 1982; x_wconf 78' lang='grc' dir='ltr'><strong><em>ἀντὶ</em></strong></span> <span class='ocrx_word' id='word_1_120' title='bbox 781 1919 842 1982; x_wconf 83' lang='grc' dir='ltr'><strong>τοῦ</strong></span> <span class='ocrx_word' id='word_1_121' title='bbox 875 1917 1027 1998; x_wconf 73' lang='grc' dir='ltr'><strong><em>ἐύίκαζες.</em></strong></span> <span class='ocrx_word' id='word_1_122' title='bbox 1061 1915 1111 1983; x_wconf 87' lang='grc' dir='ltr'><strong><em>ὅτι</em></strong></span> <span class='ocrx_word' id='word_1_123' title='bbox 1145 1917 1181 1984; x_wconf 76' lang='grc' dir='ltr'><strong>δὲ</strong></span> <span class='ocrx_word' id='word_1_124' title='bbox 1213 1919 1298 1986; x_wconf 85' lang='grc' dir='ltr'><strong><em>κατὰ</em></strong></span> 
     </span>
     <span class='ocr_line' id='line_1_17' title="bbox 122 2012 1297 2103; baseline 0 -22"><span class='ocrx_word' id='word_1_125' title='bbox 122 2014 258 2100; x_wconf 78' lang='grc' dir='ltr'><strong><em>γράμμα</em></strong></span> <span class='ocrx_word' id='word_1_126' title='bbox 277 2017 480 2103; x_wconf 79' lang='grc' dir='ltr'><strong><em>ἐκληροῦντο</em></strong></span> <span class='ocrx_word' id='word_1_127' title='bbox 497 2015 573 2102; x_wconf 82' lang='lat' dir='ltr'><strong>(scil.</strong></span> <span class='ocrx_word' id='word_1_128' title='bbox 594 2015 820 2100; x_wconf 71' lang='lat' dir='ltr'><strong>eidecuerat),</strong></span> <span class='ocrx_word' id='word_1_129' title='bbox 838 2020 1045 2099; x_wconf 89' lang='grc' dir='ltr'><strong><em>προείρηται·</em></strong></span> <span class='ocrx_word' id='word_1_130' title='bbox 1066 2012 1105 2080; x_wconf 91' lang='grc' dir='ltr'><strong>ού</strong></span> <span class='ocrx_word' id='word_1_131' title='bbox 1124 2013 1191 2100; x_wconf 82' lang='grc' dir='ltr'><strong>μην</strong></span> <span class='ocrx_word' id='word_1_132' title='bbox 1210 2012 1297 2081; x_wconf 78' lang='grc' dir='ltr'><strong><em>ἀλλὰ</em></strong></span> 
     </span>
     <span class='ocr_line' id='line_1_18' title="bbox 122 2102 1296 2201; baseline 0.001 -24"><span class='ocrx_word' id='word_1_133' title='bbox 122 2114 178 2178; x_wconf 81' lang='grc' dir='ltr'><strong>καὶ</strong></span> <span class='ocrx_word' id='word_1_134' title='bbox 202 2114 383 2197; x_wconf 79' lang='grc' dir='ltr'><strong><em>ἐβούλευον</em></strong></span> <span class='ocrx_word' id='word_1_135' title='bbox 408 2102 501 2178; x_wconf 79' lang='grc' dir='ltr'><strong><em>οὗτοι</em></strong></span> <span class='ocrx_word' id='word_1_136' title='bbox 524 2116 568 2201; x_wconf 77' lang='grc' dir='ltr'><strong>τῷ</strong></span> <span class='ocrx_word' id='word_1_137' title='bbox 593 2109 657 2197; x_wconf 87' lang='grc' dir='ltr'><strong>πρὸ</strong></span> <span class='ocrx_word' id='word_1_138' title='bbox 677 2110 800 2177; x_wconf 93' lang='grc' dir='ltr'><strong><em>τούτου</em></strong></span> <span class='ocrx_word' id='word_1_139' title='bbox 824 2115 887 2177; x_wconf 82' lang='grc' dir='ltr'><strong><em>ἔτει</em></strong></span> <span class='ocrx_word' id='word_1_140' title='bbox 911 2109 1103 2197; x_wconf 76' lang='grc' dir='ltr'><strong><em>ἀρξάμενοι·</em></strong></span> <span class='ocrx_word' id='word_1_141' title='bbox 1128 2113 1210 2198; x_wconf 83' lang='grc' dir='ltr'><strong><em>φησὶ</em></strong></span> <span class='ocrx_word' id='word_1_142' title='bbox 1231 2111 1296 2197; x_wconf 79' lang='grc' dir='ltr'><strong>γὰρ</strong></span> 
     </span>
     <span class='ocr_line' id='line_1_19' title="bbox 126 2205 1295 2298; baseline 0 -21"><span class='ocrx_word' id='word_1_143' title='bbox 126 2209 324 2298; x_wconf 79' lang='grc' dir='ltr'><strong><em>Φιλόχορος,</em></strong></span> <span class='ocrx_word' id='word_1_144' title='bbox 353 2209 404 2276; x_wconf 80' lang='grc' dir='ltr'><strong>ἐπὶ</strong></span> <span class='ocrx_word' id='word_1_145' title='bbox 433 2214 649 2276; x_wconf 84' lang='grc' dir='ltr'><strong><em>Γλαυκίππου</em></strong></span> <span class='ocrx_word' id='word_1_146' title='bbox 676 2209 730 2274; x_wconf 78' lang='grc' dir='ltr'><strong>καί</strong></span> <span class='ocrx_word' id='word_1_147' title='bbox 759 2205 778 2292; x_wconf 82' lang='grc' dir='ltr'><em>ἡ</em></span> <span class='ocrx_word' id='word_1_148' title='bbox 803 2207 915 2294; x_wconf 81' lang='grc' dir='ltr'><strong><em>βουλὴ·</em></strong></span> <span class='ocrx_word' id='word_1_149' title='bbox 942 2209 1015 2275; x_wconf 87' lang='grc' dir='ltr'><strong><em>τότε</em></strong></span> <span class='ocrx_word' id='word_1_150' title='bbox 1047 2213 1180 2296; x_wconf 76' lang='grc' dir='ltr'><strong><em>πρῶτον</em></strong></span> <span class='ocrx_word' id='word_1_151' title='bbox 1212 2210 1295 2278; x_wconf 82' lang='grc' dir='ltr'><strong><em>κατὰ</em></strong></span> 
     </span>
     <span class='ocr_line' id='line_1_20' title="bbox 124 2306 1294 2393; baseline 0 -20"><span class='ocrx_word' id='word_1_152' title='bbox 124 2306 259 2393; x_wconf 78' lang='grc' dir='ltr'><strong><em>γράμμα</em></strong></span> <span class='ocrx_word' id='word_1_153' title='bbox 288 2310 468 2388; x_wconf 74' lang='grc' dir='ltr'><strong><em>ἐκαθέζετο.</em></strong></span> <span class='ocrx_word' id='word_1_154' title='bbox 520 2313 698 2391; x_wconf 86' lang='lat' dir='ltr'><strong>Glaucippus</strong></span> <span class='ocrx_word' id='word_1_155' title='bbox 725 2320 823 2370; x_wconf 91' lang='lat' dir='ltr'><strong>antem</strong></span> <span class='ocrx_word' id='word_1_156' title='bbox 854 2315 935 2392; x_wconf 89' lang='lat' dir='ltr'><strong>quia,</strong></span> <span class='ocrx_word' id='word_1_157' title='bbox 969 2322 1002 2371; x_wconf 92' lang='lat' dir='ltr'><strong>ut</strong></span> <span class='ocrx_word' id='word_1_158' title='bbox 1034 2330 1122 2391; x_wconf 91' lang='lat' dir='ltr'><strong>supra</strong></span> <span class='ocrx_word' id='word_1_159' title='bbox 1156 2314 1294 2393; x_wconf 91' lang='lat' dir='ltr'><strong>uidimus,</strong></span> 
     </span>
     <span class='ocr_line' id='line_1_21' title="bbox 122 2405 1295 2492; baseline 0.001 -22"><span class='ocrx_word' id='word_1_160' title='bbox 122 2411 234 2471; x_wconf 90' lang='lat' dir='ltr'><strong>archon</strong></span> <span class='ocrx_word' id='word_1_161' title='bbox 257 2419 321 2471; x_wconf 91' lang='lat' dir='ltr'><strong>erat</strong></span> <span class='ocrx_word' id='word_1_162' title='bbox 340 2430 503 2490; x_wconf 77' lang='lat' dir='ltr'><strong>eponpmus</strong></span> <span class='ocrx_word' id='word_1_163' title='bbox 522 2412 591 2470; x_wconf 91' lang='lat' dir='ltr'><strong>anni</strong></span> <span class='ocrx_word' id='word_1_164' title='bbox 610 2405 725 2489; x_wconf 67' lang='lat' dir='ltr'><strong>stote,</strong></span> <span class='ocrx_word' id='word_1_165' title='bbox 737 2409 818 2468; x_wconf 89' lang='lat' dir='ltr'><strong>-inde</strong></span> <span class='ocrx_word' id='word_1_166' title='bbox 836 2408 1071 2470; x_wconf 90' lang='lat' dir='ltr'><strong>luculentissime</strong></span> <span class='ocrx_word' id='word_1_167' title='bbox 1092 2413 1295 2492; x_wconf 81' lang='lat' dir='ltr'><strong>consequitur,</strong></span> 
     </span>
     <span class='ocr_line' id='line_1_22' title="bbox 122 2506 1294 2588; baseline -0.001 -19"><span class='ocrx_word' id='word_1_168' title='bbox 122 2511 174 2587; x_wconf 91' lang='lat' dir='ltr'><strong>qui</strong></span> <span class='ocrx_word' id='word_1_169' title='bbox 202 2509 275 2569; x_wconf 89' lang='lat' dir='ltr'><strong>haec</strong></span> <span class='ocrx_word' id='word_1_170' title='bbox 303 2509 395 2570; x_wconf 90' lang='lat' dir='ltr'><strong>uerba</strong></span> <span class='ocrx_word' id='word_1_171' title='bbox 423 2510 591 2588; x_wconf 87' lang='lat' dir='ltr'><strong>scripserit,</strong></span> <span class='ocrx_word' id='word_1_172' title='bbox 620 2526 688 2568; x_wconf 92' lang='lat' dir='ltr'><strong>eum</strong></span> <span class='ocrx_word' id='word_1_173' title='bbox 717 2506 837 2566; x_wconf 86' lang='lat' dir='ltr'><strong>Plutum</strong></span> <span class='ocrx_word' id='word_1_174' title='bbox 864 2509 995 2585; x_wconf 92' lang='lat' dir='ltr'><strong>priorem</strong></span> <span class='ocrx_word' id='word_1_175' title='bbox 1023 2506 1080 2566; x_wconf 92' lang='lat' dir='ltr'><strong>sihi</strong></span> <span class='ocrx_word' id='word_1_176' title='bbox 1112 2509 1294 2568; x_wconf 91' lang='lat' dir='ltr'><strong>tractandam</strong></span> 
     </span>
     <span class='ocr_line' id='line_1_23' title="bbox 122 2610 371 2668; baseline 0.004 -2"><span class='ocrx_word' id='word_1_177' title='bbox 122 2625 187 2666; x_wconf 90' lang='lat' dir='ltr'><strong>esse</strong></span> <span class='ocrx_word' id='word_1_178' title='bbox 211 2610 371 2668; x_wconf 89' lang='lat' dir='ltr'><strong>censuisse.</strong></span> 
     </span>
    </p>

    <p class='ocr_par' dir='ltr' id='par_1_7' title="bbox 121 2703 1296 2883">
     <span class='ocr_line' id='line_1_24' title="bbox 211 2703 1296 2783; baseline 0 -18"><span class='ocrx_word' id='word_1_179' title='bbox 211 2706 245 2765; x_wconf 88' lang='grc' dir='ltr'><strong>ΙΙ.</strong></span> <span class='ocrx_word' id='word_1_180' title='bbox 283 2706 364 2765; x_wconf 91' lang='lat' dir='ltr'><strong>Idem</strong></span> <span class='ocrx_word' id='word_1_181' title='bbox 392 2704 589 2783; x_wconf 86' lang='lat' dir='ltr'><strong>colligendum</strong></span> <span class='ocrx_word' id='word_1_182' title='bbox 617 2713 663 2764; x_wconf 92' lang='lat' dir='ltr'><strong>est</strong></span> <span class='ocrx_word' id='word_1_183' title='bbox 691 2722 727 2762; x_wconf 83' lang='lat' dir='ltr'><strong>ex</strong></span> <span class='ocrx_word' id='word_1_184' title='bbox 751 2704 852 2764; x_wconf 89' lang='lat' dir='ltr'><strong>uerbis</strong></span> <span class='ocrx_word' id='word_1_185' title='bbox 881 2703 985 2764; x_wconf 90' lang='lat' dir='ltr'><strong>scholii</strong></span> <span class='ocrx_word' id='word_1_186' title='bbox 1008 2704 1043 2763; x_wconf 93' lang='lat' dir='ltr'><strong>ad</strong></span> <span class='ocrx_word' id='word_1_187' title='bbox 1070 2723 1098 2765; x_wconf 92' lang='lat' dir='ltr'><strong>u.</strong></span> <span class='ocrx_word' id='word_1_188' title='bbox 1125 2703 1218 2782; x_wconf 83' lang='lat'><strong>1146,</strong></span> <span class='ocrx_word' id='word_1_189' title='bbox 1242 2706 1296 2766; x_wconf 92' lang='lat' dir='ltr'><strong>uhi</strong></span> 
     </span>
     <span class='ocr_line' id='line_1_25' title="bbox 121 2801 745 2883; baseline -0.003 -20"><span class='ocrx_word' id='word_1_190' title='bbox 121 2804 156 2863; x_wconf 90' lang='lat' dir='ltr'><strong>ad</strong></span> <span class='ocrx_word' id='word_1_191' title='bbox 181 2803 361 2883; x_wconf 86' lang='lat' dir='ltr'><strong>explananda</strong></span> <span class='ocrx_word' id='word_1_192' title='bbox 384 2803 525 2863; x_wconf 90' lang='lat' dir='ltr'><strong>Mercurii</strong></span> <span class='ocrx_word' id='word_1_193' title='bbox 543 2801 636 2862; x_wconf 89' lang='lat' dir='ltr'><strong>uerba</strong></span> <span class='ocrx_word' id='word_1_194' title='bbox 659 2802 745 2862; x_wconf 88' lang='lat' dir='ltr'><strong>haec:</strong></span> 
     </span>
    </p>
   </div>
   <div class='ocr_carea' id='block_1_5' title="bbox 303 2934 1101 3024">
    <p class='ocr_par' dir='ltr' id='par_1_8' title="bbox 303 2934 1101 3024">
     <span class='ocr_line' id='line_1_26' title="bbox 303 2934 1101 3024; baseline -0.004 -18"><span class='ocrx_word' id='word_1_195' title='bbox 303 2938 347 3024; x_wconf 75' lang='grc' dir='ltr'><strong>μὴ</strong></span> <span class='ocrx_word' id='word_1_196' title='bbox 370 2936 630 3024; x_wconf 76' lang='grc' dir='ltr'><strong><em>μνησικακήσῃς,</em></strong></span> <span class='ocrx_word' id='word_1_197' title='bbox 653 2943 682 3003; x_wconf 83' lang='grc' dir='ltr'><strong>εἰ</strong></span> <span class='ocrx_word' id='word_1_198' title='bbox 705 2934 747 3003; x_wconf 81' lang='grc' dir='ltr'><strong>σὺ</strong></span> <span class='ocrx_word' id='word_1_199' title='bbox 773 2936 890 3023; x_wconf 81' lang='grc' dir='ltr'><strong><em>Φυλὴν</em></strong></span> <span class='ocrx_word' id='word_1_200' title='bbox 913 2939 1101 3022; x_wconf 83' lang='grc' dir='ltr'><strong><em>κατέλαβες·</em></strong></span> 
     </span>
    </p>
   </div>
   <div class='ocr_carea' id='block_1_6' title="bbox 1 3083 1298 4436">
    <p class='ocr_par' dir='ltr' id='par_1_9' title="bbox 1 3083 1298 4436">
     <span class='ocr_line' id='line_1_27' title="bbox 121 3083 1296 3166; baseline 0.001 -20"><span class='ocrx_word' id='word_1_201' title='bbox 121 3096 277 3166; x_wconf 91' lang='lat' dir='ltr'><strong>postquam</strong></span> <span class='ocrx_word' id='word_1_202' title='bbox 305 3086 353 3147; x_wconf 80' lang='lat' dir='ltr'><strong>lex</strong></span> <span class='ocrx_word' id='word_1_203' title='bbox 381 3086 431 3147; x_wconf 93' lang='lat' dir='ltr'><strong>illa</strong></span> <span class='ocrx_word' id='word_1_204' title='bbox 460 3086 618 3146; x_wconf 89' lang='lat' dir='ltr'><strong>obliuionis</strong></span> <span class='ocrx_word' id='word_1_205' title='bbox 648 3088 803 3146; x_wconf 92' lang='lat' dir='ltr'><strong>notissima</strong></span> <span class='ocrx_word' id='word_1_206' title='bbox 831 3085 917 3146; x_wconf 91' lang='lat' dir='ltr'><strong>allata</strong></span> <span class='ocrx_word' id='word_1_207' title='bbox 945 3094 1004 3166; x_wconf 92' lang='lat' dir='ltr'><strong>est,</strong></span> <span class='ocrx_word' id='word_1_208' title='bbox 1032 3085 1109 3145; x_wconf 92' lang='lat' dir='ltr'><strong>idem</strong></span> <span class='ocrx_word' id='word_1_209' title='bbox 1139 3083 1187 3144; x_wconf 91' lang='lat' dir='ltr'><strong>uel</strong></span> <span class='ocrx_word' id='word_1_210' title='bbox 1217 3085 1296 3147; x_wconf 94' lang='lat' dir='ltr'><strong>alius</strong></span> 
     </span>
     <span class='ocr_line' id='line_1_28' title="bbox 122 3174 1295 3264; baseline 0.002 -20"><span class='ocrx_word' id='word_1_211' title='bbox 122 3185 241 3263; x_wconf 91' lang='lat' dir='ltr'><strong>quidam</strong></span> <span class='ocrx_word' id='word_1_212' title='bbox 256 3187 405 3264; x_wconf 88' lang='lat' dir='ltr'><strong>interpres</strong></span> <span class='ocrx_word' id='word_1_213' title='bbox 420 3187 463 3244; x_wconf 94' lang='lat' dir='ltr'><strong>sic</strong></span> <span class='ocrx_word' id='word_1_214' title='bbox 478 3184 577 3244; x_wconf 87' lang='lat' dir='ltr'><strong>dicere</strong></span> <span class='ocrx_word' id='word_1_215' title='bbox 593 3186 703 3263; x_wconf 81' lang='lat' dir='ltr'><strong>pergit:</strong></span> <span class='ocrx_word' id='word_1_216' title='bbox 726 3174 810 3244; x_wconf 77' lang='grc' dir='ltr'><strong><em>ἀλλὰ</em></strong></span> <span class='ocrx_word' id='word_1_217' title='bbox 824 3177 928 3244; x_wconf 85' lang='grc' dir='ltr'><strong><em>ταῦτα’</em></strong></span> <span class='ocrx_word' id='word_1_218' title='bbox 947 3203 984 3263; x_wconf 77' lang='grc' dir='ltr'><strong>γε</strong></span> <span class='ocrx_word' id='word_1_219' title='bbox 999 3175 1091 3244; x_wconf 73' lang='lat' dir='ltr'><strong>odom</strong></span> <span class='ocrx_word' id='word_1_220' title='bbox 1111 3176 1295 3262; x_wconf 80' lang='grc' dir='ltr'><strong><em>ἐπέπρακτο</em></strong></span> 
     </span>
     <span class='ocr_line' id='line_1_29' title="bbox 122 3267 1297 3362; baseline 0.002 -20"><span class='ocrx_word' id='word_1_221' title='bbox 122 3275 202 3342; x_wconf 74' lang='grc' dir='ltr'><strong>οὐδὲ</strong></span> <span class='ocrx_word' id='word_1_222' title='bbox 231 3275 271 3341; x_wconf 81' lang='grc' dir='ltr'><strong>τὰ</strong></span> <span class='ocrx_word' id='word_1_223' title='bbox 299 3277 351 3343; x_wconf 79' lang='grc' dir='ltr'><strong>ἐπὶ</strong></span> <span class='ocrx_word' id='word_1_224' title='bbox 374 3280 442 3342; x_wconf 77' lang='grc' dir='ltr'><strong>τῶν</strong></span> <span class='ocrx_word' id='word_1_225' title='bbox 464 3274 643 3362; x_wconf 84' lang='grc' dir='ltr'><strong><em>τριύκοντα</em></strong></span> <span class='ocrx_word' id='word_1_226' title='bbox 673 3272 737 3360; x_wconf 74' lang='grc' dir='ltr'><strong>ἤδη</strong></span> <span class='ocrx_word' id='word_1_227' title='bbox 763 3267 817 3361; x_wconf 80' lang='grc' dir='ltr'><strong>ἦν,</strong></span> <span class='ocrx_word' id='word_1_228' title='bbox 842 3272 926 3342; x_wconf 78' lang='grc' dir='ltr'><strong><em>ἀλλὰ</em></strong></span> <span class='ocrx_word' id='word_1_229' title='bbox 949 3275 1015 3359; x_wconf 75' lang='grc' dir='ltr'><strong><em>καὶ,</em></strong></span> <span class='ocrx_word' id='word_1_230' title='bbox 1039 3271 1083 3353; x_wconf 77' lang='grc' dir='ltr'><strong>ὡς</strong></span> <span class='ocrx_word' id='word_1_231' title='bbox 1108 3273 1297 3360; x_wconf 86' lang='grc' dir='ltr'><strong><em>Φιλόχορός</em></strong></span> 
     </span>
     <span class='ocr_line' id='line_1_30' title="bbox 121 3373 1294 3462; baseline 0 -23"><span class='ocrx_word' id='word_1_232' title='bbox 121 3393 236 3459; x_wconf 82' lang='grc' dir='ltr'><strong><em>φησιν,</em></strong></span> <span class='ocrx_word' id='word_1_233' title='bbox 264 3374 396 3462; x_wconf 79' lang='grc' dir='ltr'><strong><em>πέμπτῳ</em></strong></span> <span class='ocrx_word' id='word_1_234' title='bbox 426 3378 490 3439; x_wconf 86' lang='grc' dir='ltr'><strong><em>ἔτει</em></strong></span> <span class='ocrx_word' id='word_1_235' title='bbox 505 3373 660 3457; x_wconf 54' lang='grc' dir='ltr'><strong><em>’,ὕστερον</em></strong></span> <span class='ocrx_word' id='word_1_236' title='bbox 693 3379 787 3459; x_wconf 83' lang='grc' dir='ltr'><strong><em>νίκης</em></strong></span> <span class='ocrx_word' id='word_1_237' title='bbox 818 3374 875 3456; x_wconf 87' lang='lat' dir='ltr'><strong>(sic</strong></span> <span class='ocrx_word' id='word_1_238' title='bbox 907 3378 986 3437; x_wconf 91' lang='lat' dir='ltr'><strong>haud</strong></span> <span class='ocrx_word' id='word_1_239' title='bbox 1019 3380 1080 3438; x_wconf 95' lang='lat' dir='ltr'><strong>scio</strong></span> <span class='ocrx_word' id='word_1_240' title='bbox 1114 3397 1150 3438; x_wconf 92' lang='lat' dir='ltr'><strong>an</strong></span> <span class='ocrx_word' id='word_1_241' title='bbox 1183 3382 1294 3458; x_wconf 90' lang='lat' dir='ltr'><strong>optime</strong></span> 
     </span>
     <span class='ocr_line' id='line_1_31' title="bbox 122 3468 1298 3559; baseline 0.001 -24"><span class='ocrx_word' id='word_1_242' title='bbox 122 3477 255 3556; x_wconf 90' lang='lat' dir='ltr'><strong>suppleri</strong></span> <span class='ocrx_word' id='word_1_243' title='bbox 273 3469 382 3559; x_wconf 82' lang='lat' dir='ltr'><strong>possit)</strong></span> <span class='ocrx_word' id='word_1_244' title='bbox 401 3474 459 3555; x_wconf 77' lang='grc' dir='ltr'><strong>τῆς</strong></span> <span class='ocrx_word' id='word_1_245' title='bbox 477 3468 720 3555; x_wconf 80' lang='grc' dir='ltr'><strong><em>Θρασυβούλου</em></strong></span> <span class='ocrx_word' id='word_1_246' title='bbox 738 3471 919 3555; x_wconf 77' lang='grc' dir='ltr'><strong><em>γενομένης</em></strong></span> <span class='ocrx_word' id='word_1_247' title='bbox 938 3475 1077 3554; x_wconf 87' lang='grc' dir='ltr'><strong><em>Κριτίας</em></strong></span> <span class='ocrx_word' id='word_1_248' title='bbox 1091 3471 1127 3536; x_wconf 84' lang='grc' dir='ltr'><strong>έν</strong></span> <span class='ocrx_word' id='word_1_249' title='bbox 1144 3477 1298 3554; x_wconf 83' lang='grc' dir='ltr'><strong><em>Πειραιεῖ</em></strong></span> 
     </span>
     <span class='ocr_line' id='line_1_32' title="bbox 120 3558 1293 3655; baseline 0.001 -22"><span class='ocrx_word' id='word_1_250' title='bbox 120 3571 265 3655; x_wconf 75' lang='grc' dir='ltr'><strong><em>τελευτᾷ.</em></strong></span> <span class='ocrx_word' id='word_1_251' title='bbox 304 3572 403 3634; x_wconf 81' lang='grc' dir='ltr'><strong><em>τοῦτο</em></strong></span> <span class='ocrx_word' id='word_1_252' title='bbox 428 3558 491 3633; x_wconf 82' lang='grc' dir='ltr'><strong>οὖν</strong></span> <span class='ocrx_word' id='word_1_253' title='bbox 519 3570 608 3634; x_wconf 84' lang='grc' dir='ltr'><strong><em>έοικέ</em></strong></span> <span class='ocrx_word' id='word_1_254' title='bbox 627 3593 677 3645; x_wconf 92' lang='grc' dir='ltr'><strong><em>τις</em></strong></span> <span class='ocrx_word' id='word_1_255' title='bbox 705 3568 740 3632; x_wconf 83' lang='grc' dir='ltr'><strong>έκ</strong></span> <span class='ocrx_word' id='word_1_256' title='bbox 762 3570 823 3633; x_wconf 82' lang='grc' dir='ltr'><strong>τοῦ</strong></span> <span class='ocrx_word' id='word_1_257' title='bbox 847 3569 1006 3653; x_wconf 78' lang='grc' dir='ltr'><strong><em>δευτέρου</em></strong></span> <span class='ocrx_word' id='word_1_258' title='bbox 1034 3566 1192 3634; x_wconf 83' lang='grc' dir='ltr'><strong><em>Πλούτου</em></strong></span> <span class='ocrx_word' id='word_1_259' title='bbox 1222 3593 1293 3652; x_wconf 86' lang='grc' dir='ltr'><strong><em>μετ-</em></strong></span> 
     </span>
     <span class='ocr_line' id='line_1_33' title="bbox 120 3659 1296 3751; baseline 0 -19"><span class='ocrx_word' id='word_1_260' title='bbox 120 3664 266 3751; x_wconf 79' lang='grc' dir='ltr'><strong><em>ενεγκὼν</em></strong></span> <span class='ocrx_word' id='word_1_261' title='bbox 295 3665 419 3733; x_wconf 77' lang='grc' dir='ltr'><strong><em>ἐνθάδε</em></strong></span> <span class='ocrx_word' id='word_1_262' title='bbox 449 3661 653 3749; x_wconf 79' lang='grc' dir='ltr'><strong><em>ὀλιγωρῆσαι</em></strong></span> <span class='ocrx_word' id='word_1_263' title='bbox 675 3674 733 3749; x_wconf 77' lang='grc' dir='ltr'><strong>τῆς</strong></span> <span class='ocrx_word' id='word_1_264' title='bbox 760 3662 897 3750; x_wconf 74' lang='grc' dir='ltr'><strong><em>ἀλογίας</em></strong></span> <span class='ocrx_word' id='word_1_265' title='bbox 918 3662 1051 3749; x_wconf 75' lang='grc' dir='ltr'><strong><em>ταύτης,</em></strong></span> <span class='ocrx_word' id='word_1_266' title='bbox 1073 3659 1092 3748; x_wconf 77' lang='grc' dir='ltr'><em>ἢ</em></span> <span class='ocrx_word' id='word_1_267' title='bbox 1119 3665 1174 3730; x_wconf 81' lang='grc' dir='ltr'><strong>καὶ</strong></span> <span class='ocrx_word' id='word_1_268' title='bbox 1193 3664 1296 3744; x_wconf 85' lang='grc' dir='ltr'><strong><em>αὐτὸς</em></strong></span> 
     </span>
     <span class='ocr_line' id='line_1_34' title="bbox 121 3761 1295 3850; baseline -0.002 -19"><span class='ocrx_word' id='word_1_269' title='bbox 121 3761 139 3831; x_wconf 85' lang='lat' dir='ltr'><strong>d</strong></span> <span class='ocrx_word' id='word_1_270' title='bbox 163 3762 300 3850; x_wconf 77' lang='grc' dir='ltr'><strong><em>ποιητὴς</em></strong></span> <span class='ocrx_word' id='word_1_271' title='bbox 324 3764 466 3850; x_wconf 79' lang='grc' dir='ltr'><strong><em>ὕστερον</em></strong></span> <span class='ocrx_word' id='word_1_272' title='bbox 491 3764 650 3829; x_wconf 77' lang='grc' dir='ltr'><strong><em>ἐνθεῖναι.</em></strong></span> <span class='ocrx_word' id='word_1_273' title='bbox 687 3767 805 3828; x_wconf 85' lang='lat' dir='ltr'><strong>Etenim</strong></span> <span class='ocrx_word' id='word_1_274' title='bbox 823 3768 896 3828; x_wconf 90' lang='lat' dir='ltr'><strong>haec</strong></span> <span class='ocrx_word' id='word_1_275' title='bbox 915 3786 1034 3847; x_wconf 89' lang='lat' dir='ltr'><strong>quoque</strong></span> <span class='ocrx_word' id='word_1_276' title='bbox 1059 3770 1110 3846; x_wconf 92' lang='lat' dir='ltr'><strong>qui</strong></span> <span class='ocrx_word' id='word_1_277' title='bbox 1124 3769 1295 3849; x_wconf 84' lang='lat' dir='ltr'><strong>perlegerit,</strong></span> 
     </span>
     <span class='ocr_line' id='line_1_35' title="bbox 122 3864 1294 3947; baseline -0.002 -19"><span class='ocrx_word' id='word_1_278' title='bbox 122 3871 149 3928; x_wconf 92' lang='lat' dir='ltr'><strong>ei</strong></span> <span class='ocrx_word' id='word_1_279' title='bbox 176 3869 299 3928; x_wconf 88' lang='lat' dir='ltr'><strong>dubium</strong></span> <span class='ocrx_word' id='word_1_280' title='bbox 329 3887 388 3928; x_wconf 94' lang='lat' dir='ltr'><strong>non</strong></span> <span class='ocrx_word' id='word_1_281' title='bbox 417 3871 487 3947; x_wconf 91' lang='lat' dir='ltr'><strong>erit,</strong></span> <span class='ocrx_word' id='word_1_282' title='bbox 516 3869 588 3945; x_wconf 91' lang='lat' dir='ltr'><strong>quin</strong></span> <span class='ocrx_word' id='word_1_283' title='bbox 616 3867 664 3926; x_wconf 92' lang='lat' dir='ltr'><strong>hic</strong></span> <span class='ocrx_word' id='word_1_284' title='bbox 693 3864 849 3925; x_wconf 89' lang='lat' dir='ltr'><strong>scholiasta</strong></span> <span class='ocrx_word' id='word_1_285' title='bbox 874 3885 906 3926; x_wconf 91' lang='lat' dir='ltr'><strong>se</strong></span> <span class='ocrx_word' id='word_1_286' title='bbox 934 3869 1065 3945; x_wconf 88' lang='lat' dir='ltr'><strong>priorem</strong></span> <span class='ocrx_word' id='word_1_287' title='bbox 1088 3866 1294 3945; x_wconf 80' lang='lat' dir='ltr'><strong>Aristophanis</strong></span> 
     </span>
     <span class='ocr_line' id='line_1_36' title="bbox 120 3962 1294 4039; baseline -0.003 -13"><span class='ocrx_word' id='word_1_288' title='bbox 120 3966 242 4026; x_wconf 91' lang='lat' dir='ltr'><strong>Plutum</strong></span> <span class='ocrx_word' id='word_1_289' title='bbox 261 3966 397 4026; x_wconf 88' lang='lat' dir='ltr'><strong>manibus</strong></span> <span class='ocrx_word' id='word_1_290' title='bbox 417 3974 515 4026; x_wconf 90' lang='lat' dir='ltr'><strong>terere</strong></span> <span class='ocrx_word' id='word_1_291' title='bbox 540 3964 596 4023; x_wconf 94' lang='lat' dir='ltr'><strong>sihi</strong></span> <span class='ocrx_word' id='word_1_292' title='bbox 620 3966 704 4023; x_wconf 91' lang='lat' dir='ltr'><strong>uisus</strong></span> <span class='ocrx_word' id='word_1_293' title='bbox 728 3965 776 4039; x_wconf 89' lang='lat' dir='ltr'><strong>sit,</strong></span> <span class='ocrx_word' id='word_1_294' title='bbox 800 3963 856 4024; x_wconf 92' lang='lat' dir='ltr'><strong>hoc</strong></span> <span class='ocrx_word' id='word_1_295' title='bbox 879 3962 977 4024; x_wconf 87' lang='lat' dir='ltr'><strong>tamen</strong></span> <span class='ocrx_word' id='word_1_296' title='bbox 997 3964 1169 4025; x_wconf 88' lang='lat' dir='ltr'><strong>discrimine</strong></span> <span class='ocrx_word' id='word_1_297' title='bbox 1189 3962 1224 4024; x_wconf 91' lang='lat' dir='ltr'><strong>ah</strong></span> <span class='ocrx_word' id='word_1_298' title='bbox 1244 3963 1294 4023; x_wconf 93' lang='lat' dir='ltr'><strong>illo</strong></span> 
     </span>
     <span class='ocr_line' id='line_1_37' title="bbox 121 4062 1294 4142; baseline -0.001 -19"><span class='ocrx_word' id='word_1_299' title='bbox 121 4063 278 4124; x_wconf 88' lang='lat' dir='ltr'><strong>scholiasta</strong></span> <span class='ocrx_word' id='word_1_300' title='bbox 303 4063 516 4142; x_wconf 88' lang='lat' dir='ltr'><strong>intercedente,</strong></span> <span class='ocrx_word' id='word_1_301' title='bbox 548 4068 587 4139; x_wconf 92' lang='lat' dir='ltr'><strong>ut,</strong></span> <span class='ocrx_word' id='word_1_302' title='bbox 612 4078 679 4120; x_wconf 92' lang='lat' dir='ltr'><strong>cum</strong></span> <span class='ocrx_word' id='word_1_303' title='bbox 702 4079 766 4120; x_wconf 91' lang='lat' dir='ltr'><strong>rem</strong></span> <span class='ocrx_word' id='word_1_304' title='bbox 791 4063 937 4140; x_wconf 87' lang='lat' dir='ltr'><strong>quendam</strong></span> <span class='ocrx_word' id='word_1_305' title='bbox 960 4064 1148 4140; x_wconf 91' lang='lat' dir='ltr'><strong>perstrictam</strong></span> <span class='ocrx_word' id='word_1_306' title='bbox 1168 4062 1294 4142; x_wconf 90' lang='lat' dir='ltr'><strong>uideret,</strong></span> 
     </span>
     <span class='ocr_line' id='line_1_38' title="bbox 121 4157 1293 4241; baseline -0.002 -21"><span class='ocrx_word' id='word_1_307' title='bbox 121 4180 196 4240; x_wconf 92' lang='lat' dir='ltr'><strong>quae</strong></span> <span class='ocrx_word' id='word_1_308' title='bbox 225 4165 356 4241; x_wconf 92' lang='lat' dir='ltr'><strong>quinque</strong></span> <span class='ocrx_word' id='word_1_309' title='bbox 386 4163 471 4220; x_wconf 88' lang='lat' dir='ltr'><strong>annis</strong></span> <span class='ocrx_word' id='word_1_310' title='bbox 499 4167 567 4238; x_wconf 92' lang='lat' dir='ltr'><strong>post</strong></span> <span class='ocrx_word' id='word_1_311' title='bbox 589 4157 710 4217; x_wconf 90' lang='lat' dir='ltr'><strong>Plutum</strong></span> <span class='ocrx_word' id='word_1_312' title='bbox 736 4160 867 4237; x_wconf 90' lang='lat' dir='ltr'><strong>priorem</strong></span> <span class='ocrx_word' id='word_1_313' title='bbox 891 4159 1008 4219; x_wconf 94' lang='lat' dir='ltr'><strong>doctam</strong></span> <span class='ocrx_word' id='word_1_314' title='bbox 1032 4162 1191 4238; x_wconf 89' lang='lat' dir='ltr'><strong>euenisset,</strong></span> <span class='ocrx_word' id='word_1_315' title='bbox 1216 4158 1293 4218; x_wconf 93' lang='lat' dir='ltr'><strong>hanc</strong></span> 
     </span>
     <span class='ocr_line' id='line_1_39' title="bbox 112 4254 1293 4337; baseline -0.002 -19"><span class='ocrx_word' id='word_1_316' title='bbox 112 4258 248 4318; x_wconf 80' lang='lat' dir='ltr'><strong>sahulem</strong></span> <span class='ocrx_word' id='word_1_317' title='bbox 272 4278 333 4318; x_wconf 93' lang='lat' dir='ltr'><strong>non</strong></span> <span class='ocrx_word' id='word_1_318' title='bbox 358 4275 470 4317; x_wconf 90' lang='lat' dir='ltr'><strong>meram</strong></span> <span class='ocrx_word' id='word_1_319' title='bbox 494 4259 639 4337; x_wconf 91' lang='lat' dir='ltr'><strong>priorem,</strong></span> <span class='ocrx_word' id='word_1_320' title='bbox 663 4256 715 4316; x_wconf 93' lang='lat' dir='ltr'><strong>sed</strong></span> <span class='ocrx_word' id='word_1_321' title='bbox 738 4254 811 4314; x_wconf 91' lang='lat' dir='ltr'><strong>locis</strong></span> <span class='ocrx_word' id='word_1_322' title='bbox 836 4255 1012 4334; x_wconf 90' lang='lat' dir='ltr'><strong>quibusdam</strong></span> <span class='ocrx_word' id='word_1_323' title='bbox 1037 4276 1071 4316; x_wconf 86' lang='lat' dir='ltr'><strong>ex</strong></span> <span class='ocrx_word' id='word_1_324' title='bbox 1096 4255 1144 4316; x_wconf 94' lang='lat' dir='ltr'><strong>illa</strong></span> <span class='ocrx_word' id='word_1_325' title='bbox 1167 4259 1196 4316; x_wconf 96' lang='lat' dir='ltr'><strong>in</strong></span> <span class='ocrx_word' id='word_1_326' title='bbox 1217 4256 1293 4316; x_wconf 92' lang='lat' dir='ltr'><strong>hanc</strong></span> 
     </span>
     <span class='ocr_line' id='line_1_40' title="bbox 1 4352 1180 4436; baseline 0.008 -32"><span class='ocrx_word' id='word_1_327' title='bbox 1 4415 2 4420; x_wconf 8' lang='grc' dir='ltr'><strong><em>η</em></strong></span> <span class='ocrx_word' id='word_1_328' title='bbox 92 4352 255 4410; x_wconf 78' lang='lat' dir='ltr'><strong>translatis</strong></span> <span class='ocrx_word' id='word_1_329' title='bbox 276 4353 496 4434; x_wconf 83' lang='lat' dir='ltr'><strong>interpolatam</strong></span> <span class='ocrx_word' id='word_1_330' title='bbox 522 4362 553 4416; x_wconf 91' lang='lat' dir='ltr'><strong>et</strong></span> <span class='ocrx_word' id='word_1_331' title='bbox 577 4356 666 4436; x_wconf 89' lang='lat' dir='ltr'><strong>quasi</strong></span> <span class='ocrx_word' id='word_1_332' title='bbox 688 4357 918 4417; x_wconf 88' lang='lat' dir='ltr'><strong>contaminatam</strong></span> <span class='ocrx_word' id='word_1_333' title='bbox 940 4371 1006 4414; x_wconf 88' lang='lat' dir='ltr'><strong>esse</strong></span> <span class='ocrx_word' id='word_1_334' title='bbox 1029 4361 1180 4414; x_wconf 87' lang='lat' dir='ltr'><strong>statueret.</strong></span> 
     </span>
    </p>
   </div>
   <div class='ocr_carea' id='block_1_7' title="bbox 0 0 1404 4740">
    <p class='ocr_par' dir='ltr' id='par_1_10' title="bbox 0 0 1404 4740">
     <span class='ocr_line' id='line_1_41' title="bbox 0 0 1404 4740; baseline 0 2"><span class='ocrx_word' id='word_1_335' title='bbox 0 0 1404 4740; x_wconf 95' lang='lat' dir='ltr'><strong> </strong></span> 
     </span>
    </p>
   </div>
  </div>
 </body>
</html>
