2798 4740
585 325 806 390 ..65-

109 492 189 569 anni,
219 507 293 567 quos
317 507 411 566 usque
435 488 469 548 ad
494 487 624 548 Dioclem
648 488 820 548 archontem
844 490 1033 567 praeteriisse
1057 488 1214 548 scholiasta
1237 507 1281 548 ra·

108 588 190 646 tione
219 588 291 646 inita
318 588 441 646 inuenit.
487 586 596 646 Dioclis
623 589 714 665 igitur
737 604 813 645 anno
839 585 912 645 nihil
936 587 1096 664 significari
1118 586 1300 666 putandum„

109 693 157 745 est
170 686 228 744 nisi
243 703 301 762 quo
316 691 450 762 tempore
465 702 499 743 ex
515 683 604 744 huius
622 684 795 744 scholiastae
815 687 961 744 sententia
981 683 1085 745 Plutus
1105 686 1136 745 in
1163 702 1282 745 scenam

109 784 268 842 commissa
292 783 339 861 sit,
362 780 391 840 id
417 782 496 860 qnod
520 784 629 860 optime
654 785 792 860 congruit
816 801 883 843 cum
907 801 942 842 eo
966 801 1052 864 anno,
1077 802 1165 862 quem
1193 801 1282 862 supra

109 882 329 959 computatione
354 879 592 939 deliniueramus.

199 978 310 1037 Eodem
334 996 410 1036 anno
434 976 552 1038 Plutum
572 979 703 1055 priorem
723 977 838 1038 doctam
860 996 926 1037 esse
946 980 1033 1037 etiam
1053 981 1281 1059 inuenissemus,
1370 995 1377 1005 ‘

108 1079 136 1136 si
164 1075 349 1136 scholiastam
375 1094 403 1137 n.
427 1072 492 1135 972
516 1075 622 1134 ducem
647 1077 741 1135 secuti
771 1094 912 1135 essemus.
959 1075 987 1135 ls
1013 1079 1092 1136 enim
1117 1077 1280 1136 seeundum

108 1173 318 1233 Philochorum
343 1181 496 1232 senatores
521 1167 558 1232 ἐν
585 1169 630 1257 τῷ
648 1163 724 1254 4πρὸ
747 1166 869 1234 τούτου
902 1167 980 1255 (scil.
1009 1166 1190 1254 δράματος)
1218 1173 1281 1234 ἔτει

108 1263 192 1332 κατὰ
218 1263 352 1351 γράμμα
385 1270 488 1330 sedere
517 1272 650 1349 coepisse
679 1278 891 1343 commemorat
918 1270 1076 1348 paulloque
1104 1281 1172 1350 post
1201 1271 1281 1331 hunc

109 1388 219 1429 annum
248 1371 415 1429 accuratius
444 1368 546 1428 delinit
570 1368 723 1446 Glaucippi
752 1367 902 1427 archontis
930 1367 1169 1452 nomineuallato,
1192 1387 1280 1446 quem

109 1467 147 1526 ol.
170 1465 222 1547 99,
250 1461 424 1545 3=410b
453 1465 625 1525 archontem
655 1466 747 1525 luisse
776 1484 791 1524 e
816 1463 935 1523 Diodori
955 1463 1021 1523 Xlll
1044 1463 1087 1524 43
1112 1465 1279 1532 edocemur,

108 1564 162 1624 Est
189 1567 280 1643 igitur
312 1582 418 1624 reuera
451 1562 631 1642 Glaucippus
661 1566 699 1645 is,
730 1564 781 1640 qui
811 1569 878 1622 ante
912 1561 1043 1622 Dioclem
1075 1565 1280 1640 magistratum

108 1681 287 1741 eponymum
310 1662 448 1722 obtinuit.
1236 1660 1238 1664 ’

197 1760 225 1836 ξ.
250 1759 280 1820 2.
322 1759 490 1819 Constituto
518 1775 597 1818 nunc
625 1758 783 1835 utriusque
811 1755 890 1816 Pluti
923 1759 1107 1817 recensionis
1131 1777 1207 1818 anno
1231 1762 1279 1838 ita,

107 1867 141 1918 ut
168 1860 298 1938 priorem
327 1877 404 1917 anno
427 1852 537 1938 40918,
564 1855 760 1935 posteriorem
784 1872 860 1912 anno
885 1850 980 1935 389s8
1004 1857 1035 1914 in
1059 1874 1177 1915 scenam
1201 1875 1279 1917 com·

108 1956 228 2014 missam
248 1973 313 2015 esse
332 1955 496 2034 putandum
516 1956 564 2033 sit,
587 1955 644 2010 iam
664 1952 832 2012 accedimus
851 1952 886 2011 ad
911 1955 1114 2030 quaestionem
1139 1956 1278 2032 grauissi-

107 2070 184 2111 mam
213 2053 309 2131 deque
333 2070 390 2131 qna
415 2053 493 2111 inter
518 2052 598 2109 uiros
621 2048 725 2109 doctos
748 2067 853 2128 magna
876 2058 922 2109 est
945 2051 1104 2112 dissensio:
1134 2070 1278 2130 quaeren-

107 2150 177 2209 dum
198 2152 276 2209 onim
301 2168 380 2209 nunc
400 2159 454 2231 est,
479 2156 574 2208 utram
599 2149 790 2225 superstitem
809 2146 908 2224 legere
928 2147 983 2207 sibi
1003 2150 1061 2207 uisi
1081 2151 1140 2209 siut
1158 2158 1278 2210 ueteres

105 2249 286 2325 interpretes
308 2248 388 2308 Pluti
412 2248 580 2307 editionem.

195 2344 291 2423 Atque
311 2347 337 2404 si
356 2343 429 2422 eam,
449 2362 524 2422 quae
545 2341 660 2402 fabulae
680 2342 809 2419 praefixa
828 2349 882 2421 est,
907 2342 1095 2402 didascaliam
1115 2346 1277 2426 sequimur,

105 2445 302 2520 posteriorem
327 2461 358 2502 se
378 2451 506 2503 tractare
526 2441 645 2500 Plutum
664 2438 898 2500 arbitrabantur.
940 2440 974 2499 ln
998 2451 1172 2520 argumento
1197 2445 1276 2501 euim

107 2548 214 2616 quarto
238 2543 279 2599 sic
299 2543 442 2618 scriptum
464 2539 601 2618 legimus:
626 2530 787 2616 ἐδιδάχθη
808 2530 859 2598 ἐπὶ
879 2529 1040 2617 ἄρχοντος
1051 2529 1277 2621 Ἀντιπάτρου,

107 2626 419 2716 ἀνταγωνιζομένου
438 2627 526 2720 αὐτῷ
550 2627 765 2714 Νικαχοὶροος
782 2636 848 2694 κτλ.
867 2634 1058 2695 τελευταίαν
1082 2628 1119 2695 δὲ
1139 2629 1275 2710 διδάξας

104 2725 167 2813 τὴν
190 2733 370 2818 κωμῳδίαν
393 2728 518 2814 ταύτην
542 2728 592 2794 ἐπὶ
616 2730 660 2817 τῳ
686 2730 762 2816 ίδίῳ
786 2724 924 2811 ὀνόματι
947 2734 1014 2795 κτλ.
1055 2733 1131 2792 Huic
1155 2735 1275 2812 quidem

105 2834 269 2892 sententiae
297 2851 357 2893 non
388 2842 555 2912 repugnant
585 2831 633 2890 alii
657 2830 824 2908 complures
848 2829 1032 2909 scholiastae,
1056 2833 1159 2909 quiin
1184 2832 1274 2892 rebus

105 2948 142 2988 ex
160 2932 336 3008 posterioris
360 2930 544 3010 temporibus
566 2928 645 2989 Pluti
669 2931 906 2989 commemoratis
925 2948 962 2988 ne
980 2931 1135 2988 minimum
1155 2930 1274 3008 quidem

104 3028 270 3108 offendunt,
295 3047 370 3107 quos
399 3048 468 3088 sane
497 3030 662 3087 ollensnros
691 3027 781 3085 luisse
806 3009 983 3105 putandum,
1015 3028 1040 3086 si
1063 3029 1194 3104 priorem
1218 3028 1274 3087 sibi

103 3125 224 3185 Plutum
244 3124 342 3203 legere
361 3128 419 3187 uisi
438 3133 546 3186 essent.
584 3124 632 3182 Sic
652 3125 681 3181 in
707 3122 818 3182 scholio
840 3123 875 3182 ad
896 3143 923 3184 u.
945 3121 1008 3183 173
1026 3127 1123 3202 primo
1142 3128 1272 3205 itemque

103 3225 133 3282 in
162 3223 294 3283 secundo
323 3224 357 3283 ad
387 3224 514 3285 eundem
544 3241 665 3282 uersum
692 3229 721 3281 et
743 3222 812 3281 inde
836 3241 851 3280 a
875 3229 980 3300 quarto
1004 3240 1099 3300 usque
1124 3222 1159 3281 ad
1184 3224 1273 3283 finem

102 3319 195 3379 uerba
219 3339 346 3399 eaquae
367 3329 449 3382 sunt:

279 3445 317 3514 τὸ
338 3445 368 3513 δ’
386 3450 423 3514 ἐν
441 3453 604 3537 Κορίνθῳ
624 3446 755 3528 ξενικὸν
774 3444 833 3532 οὐχ
853 3437 950 3523 οὗτος
968 3447 1094 3534 τρέφει,

103 3604 143 3662 ita
170 3602 368 3684 explicantur,
401 3614 434 3665 ut
464 3604 587 3665 dubium
616 3623 674 3664 non
703 3604 853 3683 uideatur,
879 3606 950 3681 quin
980 3606 1031 3682 qui
1060 3622 1093 3663 ea
1118 3605 1272 3681 scripserit

102 3707 153 3760 aut
176 3700 298 3761 alteram
323 3720 354 3761 se
379 3700 498 3762 Plutum
521 3702 620 3780 legere
644 3702 804 3762 arbitratus
824 3703 862 3760 sit
881 3709 932 3760 aut
949 3703 1059 3779 prioris
1079 3720 1116 3760 ne
1135 3703 1269 3761 notitiam

101 3799 221 3875 quidem
241 3795 396 3879 'habuerit3
419 3801 462 3859 sie
486 3817 575 3877 porro
598 3800 629 3857 in
649 3798 769 3858 scholiis
792 3799 828 3857 ad
852 3817 901 3857 uu.
923 3795 995 3878 174,
1017 3795 1177 3879 176,180,
1197 3796 1270 3878 290,

99 3891 175 3972 303,
199 3891 273 3976 314,
296 3891 362 3955 515
385 3895 421 3955 de
444 3895 597 3973 Pamphilo
615 3896 829 3975 Agyrrhioque,
852 3894 888 3953 de
912 3894 1076 3975 Timotheo,
1100 3894 1271 3977 Philoxeno,

98 3992 254 4053 Philonide
278 3993 375 4072 deque
400 3993 517 4053 Cereris
545 3997 663 4055 nomine
692 4013 727 4054 eo
756 3993 835 4071 quod
864 4000 909 4052 est
933 3985 1015 4071 Anci
1038 3995 1078 4053 ita
1102 3996 1213 4075 agitur,
1237 4003 1270 4055 ut

99 4091 128 4148 ei
157 4091 209 4168 qui
236 4091 356 4169 scripsit
391 4109 422 4150 se
456 4089 577 4151 alteram
608 4091 815 4170 Aristophanis
848 4089 975 4149 fabulam
1008 4090 1142 4151 manibus
1170 4099 1269 4152 terere

98 4195 236 4264 apertum
264 4188 358 4248 inisse
385 4188 535 4269 uideatur,
563 4191 622 4249 nisi
648 4190 725 4249 iorte
754 4207 805 4248 eos
834 4186 982 4266 duplicem
1001 4186 1081 4248 Pluti
1108 4189 1269 4249 editionem

98 4287 220 4346 omniuo
248 4288 401 4364 ignorasse
429 4292 560 4346 statuere
589 4288 692 4347 mauis,
738 4285 813 4346 lllud
836 4285 1031 4369 tamenmihi
1055 4286 1182 4345 similius
1203 4289 1276 4343 ucri

99 4401 165 4443 esse
194 4383 359 4465 uideretur,
391 4387 532 4465 quoniam
559 4385 635 4448 haee
664 4384 781 4448 scholia
805 4384 973 4445 mammam
993 4388 1122 4458 parbem
1138 4393 1211 4432 noo
1225 4374 1307 4426 &aba

139 4492 323 4534 Dissertationaa
335 4496 456 4542 lonenses.
478 4500 522 4542 IV.
1079 4478 1102 4523 b
