2798 4740
588 324 802 412 ,9η-

107 484 212 568 τροπῇ
231 485 289 566 της
307 487 344 567 ‘pt-t
364 485 410 561 εἰς
424 487 461 566 ν,
479 477 589 566 ὥσπερ
609 475 673 546 ἀπὸ
692 483 753 547 τοῦ
772 483 894 565 δίδωμι
913 482 1049 547 ἐδίδουν·
1068 481 1123 548 καὶ
1139 483 1276 575 tacetve-

106 603 161 643 τοιι
184 576 221 645 τὸ
246 589 261 645 ἓ
286 584 332 657 εἰς
354 586 374 665 η
397 576 558 662 Ἀττικῶς,
583 573 627 656 ὡς
649 583 715 644 κτλ.

69 753 78 762 .
198 678 246 741 ‘At
274 702 309 742 ex
339 683 446 744 Suidae
471 683 535 742 loco
564 683 687 742 sormam
716 700 790 760 quae
820 690 865 742 est
889 668 940 765 ἦν,
969 703 1027 744 non
1052 703 1068 744 a
1091 683 1185 744 uerbo
1210 683 1278 744 suh·

108 783 251 861 stantiuo,
280 782 332 841 sed
361 780 396 841 ab
426 772 487 861 ἠμί
516 780 707 842 deriuandam
736 797 802 839 esse
830 778 972 859 apparet?
1019 783 1076 843 Sed
1105 786 1279 862 priusquam

108 877 215 937 talibus
240 878 341 938 uerbis
364 879 524 939 Kocliianis
549 879 634 937 tidem
658 876 827 958 habeamus
851 881 916 957 ipsa
940 879 1047 942 Suidae
1071 880 1161 942 uerba
1182 881 1279 959 qualia

107 977 180 1056 sint,
211 976 375 1037 uideamus.
426 976 527 1036 Lectio
560 975 679 1053 uulgata
707 992 814 1055 eaque,
848 993 936 1054 quam
969 981 1056 1038 etiam
1085 978 1216 1037 llocliius
1248 980 1279 1037 in

107 1070 244 1132 lemmate
280 1076 417 1156 retinuit,
449 1074 523 1133 haec
551 1081 609 1132 est:
642 1057 684 1150 iv
713 1062 744 1130 δ’
781 1065 858 1150 tyni:
891 1072 977 1154 ἔφην
1011 1068 1048 1135 dl
1081 1066 1158 1153 ἐγώ·
1190 1067 1279 1155 παρὰ

107 1162 314 1255 Πλουτάρχῳ
345 1166 401 1231 aul
426 1161 666 1251 Ἀριστοφάνει.
716 1167 790 1229 Cum
821 1179 919 1230 autem
950 1172 1042 1231 codex
1070 1170 1094 1228 V
1122 1164 1281 1232 Πλούτου

107 1266 246 1344 praebeat
267 1278 296 1328 et
315 1269 408 1329 codex
428 1267 521 1329 Oxou.
541 1266 617 1346 apud
637 1265 802 1326 Dobraeum
818 1267 949 1329 Addend.
969 1270 1057 1330 Arist.
1077 1267 1118 1330 97
1136 1260 1280 1350 Ἀριστο-

109 1357 221 1442 φάνης
244 1362 376 1449 πλούτφ
404 1369 546 1443 scriptum
572 1361 716 1444 exhibeat,
739 1363 870 1424 llockius
893 1366 1051 1427 lectionem
1071 1367 1220 1446 uolgatam
1244 1369 1279 1427 ad

110 1462 221 1521 codicis
241 1463 418 1524 Oxoniensis
442 1463 600 1522 lectionem
623 1460 899 1521 accommodandam
924 1481 989 1523 esse
1014 1473 1124 1525 censet.

122 1566 123 1569 ’
200 1559 257 1619 Sed
282 1562 418 1622 audiatur
442 1571 471 1620 et
495 1560 585 1619 altera
608 1554 691 1636 pars!
721 1555 929 1638 Bernhardyus
949 1563 1037 1643 enim,
1061 1560 1169 1621 Suidae
1193 1562 1279 1623 lexiei

110 1657 300 1718 doctissimus
324 1659 429 1741 editor,
457 1661 488 1718 in
512 1657 700 1717 adnotatione
732 1654 768 1713 ad
792 1673 861 1714 eum
884 1675 972 1734 quem
996 1666 1157 1718 tractamus
1181 1660 1278 1720 locum

107 1765 174 1832 post
208 1755 405 1816 Fritzschium
440 1764 552 1835 quaest.
585 1756 633 1813 Ar.
664 1772 692 1830 p.
716 1749 781 1813 264
810 1772 872 1832 sqq.
906 1757 1127 1816 euidentissime
1161 1757 1279 1818 omnem

109 1853 311 1914 difficultatem
331 1856 451 1934 amnuit,
472 1858 512 1913 ita
531 1863 564 1912 ut
584 1868 690 1930 operae
710 1853 840 1927 pretium
860 1870 924 1911 esse
945 1856 1120 1936 existimem,
1140 1857 1165 1914 si
1184 1857 1278 1934 ipsius

111 1949 202 2009 uerba
225 1951 284 2010 hue
308 1952 504 2028 adscripsero.
551 1949 628 2008 Sunt
650 1947 735 2007 haec:
770 1942 1000 2034 Ἥλουτάρχφι
1029 1945 1187 2012 Πλάτωνι
1214 1972 1278 2013 cor·

109 2048 264 2125 rigandum
293 2059 394 2108 monet
417 2046 613 2107 Ruhnkenius
637 2045 714 2125 apud
737 2044 942 2125 Wyttenbaoh.
967 2048 1100 2128 Prolegg.
1129 2049 1277 2111 Plutarch.

107 2163 134 2222 p.
163 2144 446 2205 XXXVll=LXll
503 2144 625 2204 Suidam
660 2151 815 2222 praeterea
848 2163 900 2205 sua
937 2147 1071 2207 hausisse
1110 2167 1145 2207 ex
1180 2149 1276 2210 Schol.

107 2243 256 2321 Aristoph.
280 2263 324 2320 eq.
345 2241 406 2303 631
430 2237 532 2324 (634).
574 2240 612 2301 Et
636 2231 793 2301 Πλάτωνι
813 2261 883 2302 sane
902 2242 991 2304 hahet
1009 2241 1178 2329 Zonarasl)
1220 2246 1277 2307 Pro

104 2330 334 2421 Ἀριστοφάνει
348 2340 372 2399 Ε
388 2339 510 2420 praebet
525 2331 693 2399 Πλάτωνι.
726 2337 814 2400 Gaisl.
834 2335 992 2401 Πλούτου
1001 2340 1032 2402 V.
1054 2341 1163 2403 Verum
1178 2339 1276 2423 ’ἔφην

112 2431 147 2495 δὲ
168 2432 239 2513 ἐγώ.
255 2430 496 2518 Ἀριστοφάνης
515 2429 659 2522 πλούτςά
679 2436 731 2497 Ox.
751 2455 794 2515 ap.
818 2436 905 2497 Dobr.
925 2439 1057 2499 Addend.
1076 2443 1107 2500 in
1126 2441 1276 2520 Aristoph.

110 2550 138 2609 p.
158 2529 208 2613 97,
233 2538 282 2613 qui
307 2537 376 2595 huic
396 2534 539 2595 lormulae
560 2538 678 2612 negauit
697 2533 789 2593 ullum
808 2536 840 2592 in
857 2533 943 2594 Pluto
963 2545 1065 2597 nostra
1084 2536 1181 2597 locum
1201 2557 1275 2599 esse.

109 2627 199 2689 Recte
224 2634 358 2715 quidem,
381 2652 436 2693 nec
461 2633 545 2693 lacile
569 2632 732 2692 credideris
752 2634 910 2714 exstitisse,
934 2637 985 2712 qui
1006 2637 1177 2695 memoriam
1197 2636 1276 2697 Pluti

108 2745 123 2785 a
145 2727 252 2790 Suidae
276 2733 389 2792 scilicet
408 2741 530 2811 stupore
550 2738 708 2812 repeteret,
726 2730 888 2809 proiectam
908 2730 985 2791 illam
1005 2731 1041 2791 ab
1061 2751 1089 2791 u.
1109 2730 1150 2793 29
1170 2732 1276 2807 κακῶς

106 2823 267 2904 ἔπραττον
290 2824 345 2890 καὶ
364 2824 465 2909 πένης
483 2815 534 2908 ἦν.
576 2829 678 2907 ltaque
703 2828 855 2888 commode
875 2829 990 2911 accidit,
1015 2840 1047 2889 ut
1066 2834 1274 2908 grammaticus

105 2925 135 2981 in
160 2924 255 2987 Cram.
274 2927 384 2986 Anecd.
403 2926 439 2986 lV
458 2948 486 3007 p.
505 2925 568 2987 417
594 2927 630 2987 de
650 2928 743 2993 forma
762 2947 782 3005 η
807 2927 957 2986 disserens
977 2929 1055 2986 uiam
1074 2933 1274 3008 corruptionis

105 3030 301 3085 monstraret:
331 3014 375 3097 ὡς
403 3017 491 3106 παρὰ
517 3016 760 3106 Ἀριστοφάνει,
787 3027 893 3105 inquit,
922 3018 958 3084 ἐν
973 3015 1138 3106 Ὄρνισιν·
1166 3012 1187 3106 ἦ
1210 3021 1273 3110 γὰρ

106 3109 169 3195 ἐγώ
194 3114 287 3192 ξένος
310 3113 503 3201 ἄνθρωπος·
531 3114 606 3182 άντὶ
629 3118 689 3183 πού
714 3112 877 3200 ὑπῆρχον·
900 3115 955 3181 uel
979 3114 1067 3202 παρὰ
1095 3117 1274 3186 Πλούτωνι

104 3205 269 3296 ἡχράσις.
311 3218 413 3298 ltaque
436 3219 640 3297 retingendum
664 3212 753 3300 παρὰ
773 3211 930 3280 Πλάτωνι
955 3213 1008 3280 καὶ
1030 3211 1274 3301 Ἀριστοφάνειι

105 3316 161 3372 nisi
187 3317 264 3376 sorte
287 3328 426 3401 praestat,
451 3318 529 3397 quod
554 3318 623 3378 olim
647 3336 683 3377 ex
707 3319 842 3394 uestigiis
866 3316 936 3376 libri
959 3316 1010 3377 Ox.
1035 3320 1066 3377 in
1085 3318 1272 3382 Eratosthen.

103 3430 131 3486 p.
157 3409 221 3473 218
246 3414 414 3498 elicueram,
435 3406 676 3496 Ἀριστοφάνης
698 3409 753 3474 καὶ
772 3407 925 3496 Πλάτων,
950 3414 1014 3473 coll.
1038 3417 1131 3494 intpp.
1151 3417 1272 3498 Gregor.

105 3508 170 3569 Cor.
186 3530 213 3589 p.
233 3510 294 3572 144
309 3532 351 3591 sq.
389 3511 460 3573 Vtut
479 3522 532 3594 est,
552 3513 655 3572 eadem
673 3515 826 3572 nominum
841 3509 994 3584 Πλοῦτος
1009 3520 1038 3572 et
1056 3507 1272 3597 Πλούταρχος

104 3609 211 3668 accidit
233 3613 412 3689 permutatio
436 3613 466 3669 in
492 3630 542 3672 uu.
567 3601 797 3670 circumdedere
821 3617 850 3669 et
873 3601 1023 3690 θράνος.’

192 3705 245 3765 llis
268 3707 451 3787 Bernhardyi
479 3707 581 3768 uerbis
608 3726 732 3786 prorsus
762 3726 807 3766 me
831 3707 943 3789 addico,
971 3725 1067 3785 neque
1092 3727 1269 3788 quemquam

103 3801 192 3861 alium
216 3805 313 3863 lacere
332 3824 419 3883 posse
444 3805 580 3887 arbitror,
608 3814 641 3865 ut
667 3808 710 3865 eis
738 3805 825 3864 tidem
849 3806 982 3883 deneget.
1029 3804 1109 3874 Quae
1138 3826 1207 3867 eum
1230 3811 1269 3868 ita

101 3902 170 3981 sint,
190 3920 226 3959 ue
246 3901 302 3960 hoc
321 3904 441 3981 quidem
460 3904 657 3981 fragmentum
676 3902 711 3961 ad
726 3902 845 3963 Plutum
860 3906 999 3984 priorem,
1019 3902 1070 3962 sed
1086 3903 1121 3962 ad
1137 3905 1268 3987 eandem,

101 4014 176 4072 quae
200 4007 351 4075 superstes
375 4008 429 4082 est,
453 3999 579 4059 fabulam
602 4001 798 4078 posteriorem
822 4001 1010 4061 referendum
1035 4008 1088 4060 ost.

190 4093 217 4168 ἓ.
250 4092 298 4155 14.
347 4096 413 4156 Non
445 4099 538 4175 magis
570 4097 605 4156 ad
638 4100 782 4158 rationem
816 4107 947 4158 nostram
980 4099 1015 4158 de
1048 4097 1135 4158 Pluto
1167 4102 1267 4178 priore

172 4320 198 4384 1)
218 4318 340 4373 Zonarae
363 4321 440 4375 locus
465 4325 519 4376 est:
542 4314 579 4390 ἦν
597 4319 625 4376 δ’
647 4319 713 4393 ἐγώ·
738 4319 812 4390 ἔφην
831 4315 859 4374 d’
881 4316 947 4390 ἐηιύ·
966 4317 1049 4390 παρὰ
1068 4323 1208 4374 Πλάτωνι
1222 4328 1279 4372 *et

96 4392 292 4464 Ἀριστοφάνει.

140 4494 324 4540 Βίιεοτιιιιίοιιοο
338 4502 458 4547 lonenses.
480 4507 525 4549 IV.
1082 4485 1104 4530 Ἰ
