2798 4740
585 323 805 385 ..69-

108 506 218 567 nymus
242 487 298 546 luit
321 479 644 567 01.97,1=392s1,
668 486 685 544 i.
710 503 734 543 e.
759 485 960 564 septendecim
984 488 1068 545 annis
1093 495 1159 565 post
1174 487 1282 547 Dioclis

107 586 329 664 magistratum,
359 602 447 662 quem
476 582 511 641 ad
541 599 650 641 anniam
673 576 769 642 40918
799 582 989 643 referendum
1018 603 1083 643 esse
1112 602 1201 662 supra
1224 587 1281 644 iam

108 701 352 761 exposueramus
399 680 441 742 Cl.
466 680 586 739 Diodori
610 675 739 739 1111194.
765 675 899 739 1111154.
947 680 1006 740 Sua
1030 683 1129 760 igitur,
1153 683 1282 763 inquam,

108 781 257 840 sententia
285 767 377 839 etiam¹
404 780 429 838 is
452 779 583 856 priorem
607 776 727 836 Plutum
751 776 907 857 tractabat,
936 778 987 837 sed
1012 781 1091 844 1111
1116 779 1282 840 scholiastis

106 897 159 939 uin
183 874 314 938 114611
336 873 398 936 113
422 876 530 960 dilierl,
554 883 594 954 nl,
619 875 766 952 quomodo
790 874 863 934 haee
887 874 1046 935 difficultas
1070 874 1212 935 soluenda
1234 879 1282 957 sil,

107 976 272 1036 reticuerit.
1102 1032 1111 1045 ,

198 1071 226 1147 ξ.
245 1069 275 1133 4.
310 1071 363 1131 Η11
387 1070 423 1130 de
448 1067 546 1149 priore
571 1069 657 1128 Pluto
682 1072 859 1130 testimoniis
882 1070 1126 1132 luculentissimis
1150 1074 1208 1132 dno
1233 1074 1280 1133 ad·

105 1171 203 1230 denda
227 1177 297 1230 sunt
319 1188 379 1229 non
403 1169 497 1228 dicam
522 1170 619 1227 minus
643 1175 733 1248 certa,
758 1169 810 1228 sed
835 1170 932 1228 minus
957 1168 1093 1250 dilucida,
1117 1172 1280 1231 alterume

104 1266 218 1327 scholio
243 1285 273 1328 u.
291 1263 365 1346 385,
389 1266 514 1326 alterum
538 1284 553 1324 1
578 1264 689 1324 scholio
715 1262 828 1327 1550
851 1266 1050 1345 desumptum.
1096 1267 1281 1344 Quamquam

103 1366 185 1424 enim
213 1366 244 1423 in
273 1370 380 1423 neutro
409 1362 521 1422 scholio
549 1363 680 1422 disertis
697 1362 798 1423 uerbis
832 1364 867 1423 de
902 1363 1012 1442 duplici
1040 1365 1119 1426 Plnti
1150 1367 1279 1427 editione

104 1461 289 1541 explanatur,
312 1469 410 1520 tamen
435 1478 469 1519 ex
495 1462 549 1540 eis,
572 1478 646 1537 qnae
671 1460 827 1521 scholiasta
852 1465 997 1545 apposuit,
1021 1464 1139 1524 elucere
1159 1466 1279 1527 euiden-

104 1561 220 1619 tissime
244 1557 385 1636 arbitror,
412 1557 548 1617 illumin
572 1556 662 1616 rebus
687 1577 703 1617 a
725 1567 813 1638 poeta
838 1563 1076 1620 commemoratis
1100 1580 1133 1620 ea
1158 1562 1219 1620 sola
1242 1563 1278 1622 de

105 1675 196 1717 causa
224 1655 395 1736 offendisse,
424 1655 502 1733 quod
532 1673 581 1715 eas
609 1655 644 1715 ad
669 1654 788 1717 Plutum
816 1659 959 1739 priorem,
988 1676 1075 1737 quam
1099 1659 1197 1737 legere
1222 1659 1279 1719 sibi

103 1754 276 1834 uidebatur,
302 1756 398 1814 minus
422 1753 567 1832 quadrare
591 1754 784 1832 intellegeret.

194 1852 215 1914 l.
244 1851 354 1912 Scholii
378 1853 457 1911 enim
481 1851 517 1910 ad
541 1870 568 1912 u.
589 1848 654 1912 385
678 1851 819 1930 adscripti
843 1859 946 1912 auctor
969 1861 1124 1930 postquam
1149 1852 1278 1913 dubitari

103 1953 254 2030 exposuit,
286 1957 387 2010 utrum
415 1945 572 2027 ‘Pamphili
600 1943 783 2008 Heraclidae'
818 1951 967 2028 tragoedia
1001 1969 1038 2010 an
1071 1950 1170 2009 tabula
1199 1954 1277 2028 picta

103 2049 225 2129 fuerint,
248 2050 377 2127 primum
396 2048 432 2107 de
451 2046 605 2125 Pamphilo
624 2048 664 2106 ita
688 2046 816 2125 disserit,
842 2055 875 2107 ut
899 2049 1042 2125 tragicum
1067 2054 1184 2125 poetam
1208 2067 1277 2107 eum

103 2147 197 2206 luisse
215 2165 275 2206 non
294 2164 381 2225 posse
401 2145 593 2224 demonstret,
618 2142 804 2222 quianullus
824 2146 889 2204 eins
909 2147 1036 2203 nominis
1055 2147 1085 2203 in
1110 2144 1277 2205 didascaliis

102 2250 192 2323 poeta
211 2250 468 2323 commemoretur,
488 2242 595 2302 deinde
615 2249 730 2302 exstare
751 2241 870 2320 quidem
890 2241 1018 2301 tabulam
1038 2244 1148 2321 pictam
1166 2250 1275 2323 narrat,

101 2345 134 2402 in
163 2361 220 2420 qua
243 2341 414 2403 Heraclidae
444 2349 473 2400 et
496 2340 634 2400 Alcmena
662 2348 692 2400 11
715 2338 852 2399 Herculis
882 2339 952 2419 lilia,
981 2339 1141 2418 Eurysthei
1170 2343 1275 2402 timore

104 2443 252 2521 commoti,
278 2440 502 2500 Atheniensium
526 2439 666 2500 arrnilium
690 2437 863 2517 implorent,
889 2436 940 2496 sed
966 2456 1028 2496 eam
1053 2437 1182 2498 tabulam
1207 2459 1274 2520 iton,

105 2542 140 2596 ut
164 2539 252 2618 aiant,
276 2556 291 2597 a
315 2535 466 2616 Pamphilo
490 2538 612 2618 pictam,
637 2538 688 2597 sed
712 2534 889 2613 Apollodoro
913 2533 1102 2594 tribuendam
1126 2555 1200 2597 esse.

195 2634 250 2694 Sed
270 2637 443 2714 priusquam
462 2651 542 2693 nunc
562 2634 709 2694 disserere
734 2651 862 2711 pergam,
887 2640 919 2691 ut
943 2650 976 2690 ea
1000 2650 1087 2709 quam
1110 2652 1274 2712 proponam

101 2735 309 2811 interpretatio
333 2731 368 2791 ab
392 2731 633 2792 aduersariorum
657 2729 891 2791 dubitationibus
915 2737 978 2789 tuta
1003 2729 1065 2809 liat,
1094 2749 1193 2790 meum
1217 2736 1274 2794 erit
1326 2802 1327 2808 ἵ

101 2849 136 2890 11
155 2832 355 2910 praemittere,
379 2828 487 2906 quibus
506 2829 625 2888 demum
649 2829 819 2907 praemissis
844 2845 877 2887 ea
902 2846 989 2905 quam
1013 2828 1183 2906 prolaturus
1207 2849 1273 2891 sum

100 2929 249 2988 sententia
273 2946 308 2986 ex
332 2926 382 2985 illo
405 2926 516 2986 scholio
541 2925 674 3004 exsculpi
697 2928 815 3005 poterit.
861 2924 1022 2994 Quaeritur
1045 2928 1145 3007 igitur,
1171 2938 1272 2990 utrum

98 3024 272 3103 Pamphilus
309 3033 395 3103 poeta
427 3025 517 3084 luerit
550 3043 586 3084 an
618 3027 723 3103 pictor.
779 3022 900 3083 Poetam
939 3042 1006 3083 enm
1040 3042 1099 3084 non
1132 3026 1223 3087 luisse
1257 3048 1272 3088 e

99 3121 268 3184 didascaliis
296 3125 442 3202 arguitur,
475 3141 491 3182 e
520 3122 628 3200 quibus
657 3140 731 3201 quae
759 3123 967 3202 proferuntur,
1000 3140 1033 3181 ea
1064 3141 1183 3202 semper
1215 3126 1272 3187 lide

100 3220 274 3298 dignissima
297 3238 364 3279 esse
386 3220 502 3298 pridem
525 3227 640 3281 constat
663 3222 742 3279 inter
765 3222 847 3280 uiros
867 3218 978 3279 doctos.
1020 3219 1158 3281 Pictorne
1182 3225 1273 3301 igitur

100 3319 194 3378 luisse
223 3317 371 3395 putandus
399 3315 478 3377 erit?
528 3318 566 3378 At
598 3336 635 3376 ne
664 3319 704 3377 ita
733 3319 852 3396 quidem
886 3326 1015 3377 statuere
1049 3318 1118 3379 licet
1151 3339 1186 3379 en
1220 3322 1272 3401 eis,

99 3428 176 3495 quae
200 3415 358 3475 scholiasta
381 3418 530 3496 exposuit3
553 3434 621 3476 nam
641 3435 715 3494 quae
737 3417 849 3476 exstitit
867 3414 1091 3475 Heraclidarum
1110 3415 1218 3496 tabula,
1238 3436 1271 3476 ea

99 3531 161 3573 non
179 3500 334 3592 Pamphili,
358 3512 410 3572 sed
434 3511 602 3590 Apollodori
626 3514 690 3574 luit.
727 3514 829 3590 ltaque
854 3514 879 3571 si
902 3510 1089 3572 scholiastam
1109 3515 1271 3594 sequimur,

99 3629 157 3671 nec
180 3618 267 3688 poeta
285 3609 456 3687 Pamphilus
480 3610 537 3670 luit
559 3630 656 3690 neque
680 3614 785 3689 pictor.
824 3610 881 3670 Sed
907 3629 1063 3689 quemnam
1085 3609 1167 3669 illum
1186 3610 1269 3670 Pam·

98 3707 213 3788 philem
250 3707 342 3768 luisse
376 3705 572 3786 putabimus?
626 3708 800 3768 Weleherus
836 3702 972 3792 (Grieoh.
1007 3708 1092 3785 Trag.
1131 3726 1158 3786 p.
1190 3702 1267 3791 710)

99 3805 305 3867 difficultatem
328 3822 446 3864 omnem
469 3804 572 3865 tollere
597 3805 653 3865 sibi
677 3808 760 3866 uisus
785 3814 830 3866 est
852 3804 1036 3884 Pamphilum
1061 3806 1184 3865 lortasse
1211 3825 1269 3866 non

98 3903 220 3983 quidem
243 3910 360 3981 poetam
383 3905 537 3983 tragicum,
561 3903 611 3963 sed
637 3905 811 3965 histrionem
835 3905 927 3964 luisse
951 3903 1139 3983 coniciendo,
1164 3906 1269 3981 quiin

98 4000 264 4061 Heraclidis
288 4000 384 4061 labula
407 3999 567 4079 Euripidea
595 4005 705 4081 primas
731 4010 830 4081 partes
854 4000 928 4060 male
953 4002 1062 4078 egisset
1085 4001 1212 4079 ideoque
1236 4003 1267 4060 in

97 4098 303 4177 Aristophanis
336 4098 435 4158 odium
468 4100 658 4180 incurrisset,
691 4119 779 4178 quam
812 4099 987 4159 sententiam
1019 4100 1146 4175 arripuit
1179 4101 1267 4158 etiam

97 4195 203 4256 Brunn
226 4197 257 4255 in
281 4194 357 4255 libro
376 4194 426 4255 illo
446 4194 648 4276 celeberrimo,
672 4199 721 4256 cni
739 4199 916 4275 inscriptum
936 4202 993 4256 est:
1018 4195 1195 4255 Geschiehte
1215 4196 1268 4255 der

97 4291 305 4372 griechischen
328 4291 478 4354 Khnstler.
526 4293 582 4353 Sed
611 4312 648 4354 ne
677 4313 758 4355 nunc
785 4312 907 4374 quoque
933 4295 982 4352 111
999 4300 1192 4364 statuemus,
1208 4308 1285 4360 qm-

94 4389 236 4450 bibemur
258 4391 347 4452 credo
371 4391 468 4455 titulis
493 4394 547 4477 eie,
571 4413 649 4475 quos
667 4394 790 4477 publici
803 4394 888 4454 iuris
904 4391 985 4450 iecit
993 4383 1181 4445 1111111111
1196 4382 1241 4432 'm
1259 4390 1315 4426 oo·
