2798 4740
636 315 851 378 ..90-

156 489 210 559 est,
234 488 314 538 certo
339 478 445 539 scholii
467 481 550 557 origo
575 473 624 559 (cx
648 478 756 539 Ritteri
780 470 940 560 sententia)
970 478 1006 539 ab
1031 498 1065 540 eo
1090 479 1251 559 repetenda
1276 487 1335 560 est,

157 580 206 637 cui
229 585 385 655 utramque
410 576 528 636 Plutum
552 578 700 655 inspicere
724 575 821 653 licuit,
849 576 929 636 unde
956 580 1125 638 necessario
1149 577 1334 638 concluden-

156 674 225 734 dum
251 684 295 734 est
318 674 374 734 boc
398 673 532 734 scholion
556 676 757 752 conscriptum
780 692 846 734 esse
865 674 901 733 ab
920 693 965 749 eo,
989 677 1039 753 qni
1059 676 1188 753 priorem
1208 674 1332 735 Plutum

154 774 285 850 priorem
305 774 560 849 posterioremque
584 773 789 852 posteriorem,
813 790 872 832 non
891 774 1091 850 posteriorem
1108 774 1241 852 priorem
1262 790 1332 832 esse

64 909 75 931 .
156 867 286 947 putabat.
337 870 426 948 Atqui
456 879 593 930 nostrum
621 869 780 949 scholium,
808 871 833 928 si
861 869 963 948 modo,
992 877 1025 928 nt
1053 880 1098 930 est
1125 869 1234 931 Ritteri
1264 888 1333 929 sen·

156 969 255 1047 tentia,
275 969 437 1046 genuinum
457 977 511 1046 est,
531 970 561 1027 in
581 970 713 1046 margine
732 967 811 1027 Pluti
829 969 1014 1027 recensionis
1033 969 1106 1048 einS,
1127 986 1201 1045 quac
1221 986 1333 1028 reuera

155 1067 237 1143 prior
270 1075 345 1146 erat,
376 1069 521 1145 scriptum
555 1067 647 1126 luisse
675 1084 710 1125 ex
738 1068 830 1126 totins
859 1064 963 1125 scholii
993 1074 1094 1125 tenore
1122 1065 1188 1126 lnce
1218 1066 1333 1127 clarius

153 1170 284 1240 apparet.
326 1162 399 1223 Cum
423 1172 521 1223 autem
546 1182 625 1223 nunc
649 1165 728 1223 inter
751 1162 862 1223 scholia
885 1181 919 1223 ca
943 1165 1123 1245 inueniatur,
1147 1182 1222 1242 quae
1243 1164 1332 1225 sobo-

155 1259 249 1320 liastis
273 1260 392 1338 quidem
417 1261 452 1320 ad
477 1264 606 1339 priorem
630 1263 781 1340 pertinere
808 1260 1002 1341 uidebantur,
1029 1279 1135 1321 reuera
1164 1269 1265 1322 autem
1295 1263 1332 1322 ad

155 1359 352 1436 posteriorem
375 1357 495 1420 Plutum
519 1360 678 1439 pertinent,
701 1358 758 1419 boc
782 1358 927 1418 scholium
950 1361 1083 1419 omnium
1107 1377 1199 1419 unum
1218 1377 1255 1419 cx
1282 1360 1333 1419 ad·

155 1455 357 1516 notationibus
381 1458 425 1516 eis
449 1464 601 1518 seruatum
625 1464 679 1536 est,
703 1475 775 1534 quas
800 1459 901 1516 nescio
925 1459 991 1535 quis
1013 1459 1044 1517 in
1063 1459 1195 1535 margine
1216 1457 1333 1518 codicis

153 1556 283 1633 priorem
307 1553 425 1614 Plutum
451 1556 631 1615 continentis
655 1554 861 1633 adscripscrat.
906 1555 945 1615 At
968 1557 991 1614 si
1016 1556 1201 1635 quaerimus,
1227 1574 1243 1614 a
1269 1575 1340 1634 quo

152 1652 224 1712 illud
254 1651 399 1712 scholium
429 1653 464 1712 ad
492 1655 623 1731 priorem
651 1652 769 1714 Plutum
797 1655 951 1732 pertinens
978 1656 1057 1713 inter
1086 1659 1186 1713 nostra
1215 1652 1331 1713 scholia

153 1750 188 1809 ad
217 1753 413 1828 posteriorem
445 1752 509 1810 eins
537 1752 665 1810 nominis
688 1750 815 1811 fabulam
841 1749 1042 1829 explicandam
1066 1757 1206 1827 congesta
1231 1758 1329 1810 trans·

152 1847 243 1908 latum
268 1850 319 1928 sit,
346 1850 493 1908 neminem
518 1850 699 1926 inuestigare
723 1850 836 1928 poteris
860 1851 918 1908 nisi
941 1866 1005 1929 eos,
1032 1850 1083 1927 qui
1106 1856 1140 1907 nt
1163 1850 1331 1926 scriptores

153 1945 273 2005 scholiis
298 1947 395 2007 dedita
415 1964 505 2024 opera
525 1948 702 2024 conscriptis
721 1948 1000 2025 interpretarentur,
1024 1945 1080 2005 sibi
1099 1953 1331 2025 proposuerant,

153 2046 360 2121 grammaticos
383 2043 605 2103 Alexandrinos.
645 2043 730 2105 Nunc
754 2063 827 2105 uero
851 2044 1116 2105 Alexandrinorum
1140 2042 1330 2122 temporibus

152 2140 243 2202 altera
268 2148 383 2202 tantum
402 2141 482 2202 Plnti
502 2143 636 2202 recensio
661 2150 814 2219 superstes
838 2140 972 2201 exstabat
996 2140 1166 2222 eademque,
1190 2160 1266 2218 quac
1292 2143 1329 2202 ad

152 2247 284 2300 nostram
312 2242 484 2302 memoriam
513 2243 629 2301 mansit.
675 2240 781 2300 llitteri
807 2241 899 2317 igitur
922 2241 1094 2299 coniectura
1117 2241 1143 2298 si
1165 2247 1248 2299 recta
1271 2247 1330 2322 est,

153 2337 251 2397 lacere
276 2355 334 2397 non
358 2356 526 2417 possumne,
551 2339 623 2416 quin
647 2337 719 2397 illud
744 2337 886 2417 scholion,
910 2337 989 2415 qnod
1012 2339 1044 2397 in
1064 2338 1175 2397 codicis
1193 2339 1329 2414 priorem

152 2434 270 2495 Plutum
293 2437 472 2496 continentis
491 2437 622 2513 margine
643 2434 819 2512 abantiquo
838 2437 1029 2514 grammatico
1049 2435 1230 2513 adscriptum
1253 2443 1330 2516 erat,

54 2542 58 2547 ’
152 2531 202 2590 illo
226 2535 290 2612 ipso
316 2542 448 2612 tempore
473 2552 508 2592 ex
530 2551 565 2592 eo
585 2533 687 2593 codice
706 2535 785 2592 inter
804 2533 914 2594 scholia
934 2534 969 2593 ad
989 2533 1107 2594 Plutum
1127 2535 1328 2613 posteriorem

151 2632 330 2708 pertinentia
350 2631 475 2691 relatum
496 2649 563 2691 esse
587 2618 759 2711 statuamus,
784 2650 851 2691 cnm
875 2632 958 2709 prior
976 2630 1089 2706 Plutus,
1113 2632 1211 2710 itaque
1236 2634 1328 2692 etiam

152 2729 244 2789 codex
272 2727 321 2788 ille
350 2747 409 2788 non
438 2730 495 2788 iam
524 2728 670 2810 exstabat,
698 2728 749 2787 sed
777 2728 893 2806 pridem
916 2730 1078 2789 interierat.
1126 2727 1211 2798 Quod
1236 2746 1329 2806 quam

152 2825 313 2887 absurdum
339 2828 385 2905 sit,
409 2844 495 2885 nemo
520 2845 580 2886 non
604 2826 698 2905 uidet3
723 2825 919 2903 supersedere
944 2828 1034 2904 igitur
1057 2843 1180 2906 possum
1201 2825 1327 2886 alteram

151 2932 264 3003 partem
289 2926 477 2984 coniecturae
504 2923 681 2983 Ritterianae
706 2923 868 3002 discutere,
897 2925 927 2982 in
953 2941 1009 3002 qua
1034 2923 1181 3004 quomodo
1205 2942 1328 3005 uersus,

152 3024 203 3100 qui
226 3040 305 3081 nunc
329 3020 447 3103 legitur,
471 3024 501 3081 in
525 3022 671 3081 editiones
694 3029 811 3080 nostras
834 3023 1020 3101 peruenerit,
1044 3024 1172 3100 exponit.

240 3119 343 3198 ltaque
367 3122 455 3180 etiam
478 3120 627 3198 Ritterus,
651 3118 738 3177 bomo
763 3120 979 3198 sagacissimus,
1003 3109 1060 3179 ἀπ’
1082 3114 1215 3191 ἐλπίδος
1237 3110 1332 3200 ἡμᾶς

149 3209 347 3296 καταβαλών
371 3210 515 3297 μεγάλης
536 3208 720 3297 ἀπέρχεται,
745 3235 802 3294 qna
823 3216 904 3276 ducti
924 3234 992 3276 enm
1011 3235 1115 3276 omnes
1134 3216 1331 3280 difficultates
1379 3220 1384 3226 “

150 3324 336 3376 remoturum
361 3315 485 3394 etquid
509 3315 545 3375 de
568 3314 625 3374 hoc
645 3313 757 3374 scholio
782 3313 970 3375 iudicandum
996 3322 1084 3393 esset,
1108 3315 1330 3394 explicaturum

151 3431 217 3473 esse
241 3413 442 3492 sperabamus

239 3508 284 3572 lV.
321 3510 360 3570 Et
388 3513 539 3592 qnoniam,
567 3510 661 3571 donec
690 3509 863 3569 scholiastae
891 3511 922 3568 in
951 3508 1088 3570 omnibus
1116 3510 1206 3571 rebus
1234 3511 1331 3575 fidem

150 3609 319 3683 tribuimus,
343 3609 417 3669 nihil
441 3604 495 3668 n'os
518 3609 662 3687 prolicere
688 3609 758 3667 satis
777 3607 944 3668 luculenter
964 3610 1109 3687 apparuit,
1134 3627 1214 3669 nnnc
1238 3611 1332 3674 aliam

150 3709 229 3768 iriam
257 3709 385 3785 ingressi
413 3706 581 3786 uideamus,
610 3724 682 3766 num
710 3708 753 3766 sic
782 3705 857 3765 lorte
887 3707 961 3765 certi
990 3705 1060 3782 qnid
1088 3706 1165 3766 lucri
1193 3725 1228 3766 ex
1261 3711 1332 3771 eins

150 3805 338 3865 adnotatione
363 3806 540 3864 auleramus.

239 3902 310 3962 Eam
339 3910 451 3983 autem,
475 3920 549 3981 quae
573 3903 644 3962 mihi
670 3905 700 3963 in
726 3906 822 3963 animo
847 3911 905 3983 est,
930 3904 1008 3968 uiam
1031 3905 1146 3982 primus
1169 3906 1331 3983 ingressus

151 4010 197 4062 est
215 4001 393 4061 Franciscus
412 3999 584 4061 Volcmarns
603 3999 764 4079 Fritzsche,
789 4003 840 4079 qui
863 4007 892 4061 in
913 4000 998 4080 libro,
1022 4003 1071 4061 cni
1090 4019 1198 4061 nomen
1217 4002 1331 4066 indidit

151 4102 340 4178 quaestiones
363 4099 606 4181 Aristophaneus,
633 4120 661 4179 p.
687 4097 830 4160 1741100
855 4098 941 4158 modo
966 4116 1002 4157 ex
1026 4098 1252 4160 difficultatibus
1276 4119 1328 4161 cx·

150 4196 252 4275 pedire
288 4215 323 4274 se¹
353 4204 476 4257 conatus
510 4205 568 4258 est:
605 4193 680 4258 ‘lste
713 4197 869 4258 scholiasta
902 4216 970 4257 cum
1004 4198 1068 4257 aliis
1098 4198 1235 4276 opinatus
1270 4206 1329 4281 est,

134 4299 278 4351 nostrum
300 4293 424 4354 Plutum
450 4313 517 4355 esse
540 4298 682 4375 priorem.
726 4295 871 4367 Quocirca
895 4293 1033 4354 Comicus
1056 4296 1087 4354 in
1111 4295 1210 4373 priore
1234 4293 1327 4356 Pluto

112 4384 305 4459 seruauerat:
334 4389 397 4470 τῆς
426 4393 614 4478 συμφορᾶς
641 4389 768 4477 ταύτης
791 4407 828 4455 σε
851 4384 1013 4470 nudoenu,
1035 4383 1104 4470 ‘qd
1136 4390 1219 4469 ign,
1240 4399 1274 4451 at
1292 4395 1330 4452 in
